<?xml version="1.0" encoding="utf-8"?>
<root>
  <ChainId>7290873255550</ChainId>
  <SubChainId>000</SubChainId>
  <StoreId>084</StoreId>
  <BikoretNo>2</BikoretNo>
  <DllVerNo>1</DllVerNo>
  <Items Count="3575">
    <Item>
      <PriceUpdateDate>2025-08-21 15:38</PriceUpdateDate>
      <ItemCode>11182170603</ItemCode>
      <ItemType>1</ItemType>
      <ItemName>קינג קול שעועית לימה 439 גרם</ItemName>
      <ManufacturerName>לא ידוע</ManufacturerName>
      <ManufactureCountry />
      <ManufacturerItemDescription>קינג קול שעועית לימה</ManufacturerItemDescription>
      <UnitQty>גרמים</UnitQty>
      <Quantity>439.00</Quantity>
      <bIsWeighted>0</bIsWeighted>
      <UnitOfMeasure>100 גרם</UnitOfMeasure>
      <QtyInPackage>1</QtyInPackage>
      <ItemPrice>17.90</ItemPrice>
      <UnitOfMeasurePrice>4.08</UnitOfMeasurePrice>
      <AllowDiscount>1</AllowDiscount>
      <ItemStatus>1</ItemStatus>
    </Item>
    <Item>
      <PriceUpdateDate>2025-03-25 07:09</PriceUpdateDate>
      <ItemCode>11182700916</ItemCode>
      <ItemType>1</ItemType>
      <ItemName>שעועית לבנה צפונית 454 גרם</ItemName>
      <ManufacturerName>לא ידוע</ManufacturerName>
      <ManufactureCountry>לא ידוע</ManufactureCountry>
      <ManufacturerItemDescription>שעועית לבנה צפונית 4</ManufacturerItemDescription>
      <UnitQty>גרמים</UnitQty>
      <Quantity>454.00</Quantity>
      <bIsWeighted>0</bIsWeighted>
      <UnitOfMeasure>100 גרם</UnitOfMeasure>
      <QtyInPackage>1</QtyInPackage>
      <ItemPrice>17.90</ItemPrice>
      <UnitOfMeasurePrice>3.94</UnitOfMeasurePrice>
      <AllowDiscount>1</AllowDiscount>
      <ItemStatus>1</ItemStatus>
    </Item>
    <Item>
      <PriceUpdateDate>2025-03-25 07:06</PriceUpdateDate>
      <ItemCode>11182700923</ItemCode>
      <ItemType>1</ItemType>
      <ItemName>שעועית אדומה בהירה 454 גרם</ItemName>
      <ManufacturerName>לא ידוע</ManufacturerName>
      <ManufactureCountry>לא ידוע</ManufactureCountry>
      <ManufacturerItemDescription>שעועית אדומה בהירה 4</ManufacturerItemDescription>
      <UnitQty>גרמים</UnitQty>
      <Quantity>454.00</Quantity>
      <bIsWeighted>0</bIsWeighted>
      <UnitOfMeasure>100 גרם</UnitOfMeasure>
      <QtyInPackage>1</QtyInPackage>
      <ItemPrice>17.90</ItemPrice>
      <UnitOfMeasurePrice>3.94</UnitOfMeasurePrice>
      <AllowDiscount>1</AllowDiscount>
      <ItemStatus>1</ItemStatus>
    </Item>
    <Item>
      <PriceUpdateDate>2025-08-13 14:51</PriceUpdateDate>
      <ItemCode>11210000094</ItemCode>
      <ItemType>1</ItemType>
      <ItemName>טבסקו פלפל אדום 60 מ"ל</ItemName>
      <ManufacturerName>לא ידוע</ManufacturerName>
      <ManufactureCountry>לא ידוע</ManufactureCountry>
      <ManufacturerItemDescription>טבסקו פלפל אדום 60 מ</ManufacturerItemDescription>
      <UnitQty>מיליליטרים</UnitQty>
      <Quantity>90.00</Quantity>
      <bIsWeighted>0</bIsWeighted>
      <UnitOfMeasure>100 מ"ל</UnitOfMeasure>
      <QtyInPackage>1</QtyInPackage>
      <ItemPrice>13.90</ItemPrice>
      <UnitOfMeasurePrice>15.44</UnitOfMeasurePrice>
      <AllowDiscount>1</AllowDiscount>
      <ItemStatus>1</ItemStatus>
    </Item>
    <Item>
      <PriceUpdateDate>2025-08-13 14:51</PriceUpdateDate>
      <ItemCode>11210006508</ItemCode>
      <ItemType>1</ItemType>
      <ItemName>רוטב פלפל הבנרו חריף טבסקו 60 מל</ItemName>
      <ManufacturerName>לא ידוע</ManufacturerName>
      <ManufactureCountry>לא ידוע</ManufactureCountry>
      <ManufacturerItemDescription>רוטב פלפל הבנרו חריף</ManufacturerItemDescription>
      <UnitQty>מיליליטרים</UnitQty>
      <Quantity>60.00</Quantity>
      <bIsWeighted>0</bIsWeighted>
      <UnitOfMeasure>100 מ"ל</UnitOfMeasure>
      <QtyInPackage>1</QtyInPackage>
      <ItemPrice>21.90</ItemPrice>
      <UnitOfMeasurePrice>36.50</UnitOfMeasurePrice>
      <AllowDiscount>1</AllowDiscount>
      <ItemStatus>1</ItemStatus>
    </Item>
    <Item>
      <PriceUpdateDate>2025-08-13 14:52</PriceUpdateDate>
      <ItemCode>11210007253</ItemCode>
      <ItemType>1</ItemType>
      <ItemName>טבסקו פלפל שום 60 מ"ל</ItemName>
      <ManufacturerName>לא ידוע</ManufacturerName>
      <ManufactureCountry>לא ידוע</ManufactureCountry>
      <ManufacturerItemDescription>טבסקו פלפל שום 60 מ"</ManufacturerItemDescription>
      <UnitQty>מיליליטרים</UnitQty>
      <Quantity>60.00</Quantity>
      <bIsWeighted>0</bIsWeighted>
      <UnitOfMeasure>100 מ"ל</UnitOfMeasure>
      <QtyInPackage>1</QtyInPackage>
      <ItemPrice>13.90</ItemPrice>
      <UnitOfMeasurePrice>23.17</UnitOfMeasurePrice>
      <AllowDiscount>1</AllowDiscount>
      <ItemStatus>1</ItemStatus>
    </Item>
    <Item>
      <PriceUpdateDate>2024-08-05 11:39</PriceUpdateDate>
      <ItemCode>11210694156</ItemCode>
      <ItemType>1</ItemType>
      <ItemName>טבסקו מתוק חריף 256 מ"ל</ItemName>
      <ManufacturerName>לא ידוע</ManufacturerName>
      <ManufactureCountry>ארצות הברית</ManufactureCountry>
      <ManufacturerItemDescription>טבסקו מתוק חריף 256 </ManufacturerItemDescription>
      <UnitQty>מיליליטרים</UnitQty>
      <Quantity>256.00</Quantity>
      <bIsWeighted>0</bIsWeighted>
      <UnitOfMeasure>100 מ"ל</UnitOfMeasure>
      <QtyInPackage>1</QtyInPackage>
      <ItemPrice>16.90</ItemPrice>
      <UnitOfMeasurePrice>6.60</UnitOfMeasurePrice>
      <AllowDiscount>1</AllowDiscount>
      <ItemStatus>1</ItemStatus>
    </Item>
    <Item>
      <PriceUpdateDate>2024-11-28 07:55</PriceUpdateDate>
      <ItemCode>11210698055</ItemCode>
      <ItemType>1</ItemType>
      <ItemName>רוטב טבסקו סרירציה 566 גרם</ItemName>
      <ManufacturerName>לא ידוע</ManufacturerName>
      <ManufactureCountry>לא ידוע</ManufactureCountry>
      <ManufacturerItemDescription>רוטב טבסקו סרירציה 5</ManufacturerItemDescription>
      <UnitQty>גרמים</UnitQty>
      <Quantity>566.00</Quantity>
      <bIsWeighted>0</bIsWeighted>
      <UnitOfMeasure>100 גרם</UnitOfMeasure>
      <QtyInPackage>1</QtyInPackage>
      <ItemPrice>39.90</ItemPrice>
      <UnitOfMeasurePrice>7.05</UnitOfMeasurePrice>
      <AllowDiscount>1</AllowDiscount>
      <ItemStatus>1</ItemStatus>
    </Item>
    <Item>
      <PriceUpdateDate>2021-01-20 21:12</PriceUpdateDate>
      <ItemCode>11318</ItemCode>
      <ItemType>1</ItemType>
      <ItemName>תמר אמרי</ItemName>
      <ManufacturerName>לא ידוע</ManufacturerName>
      <ManufactureCountry>לא ידוע</ManufactureCountry>
      <ManufacturerItemDescription>תמר אמרי            </ManufacturerItemDescription>
      <UnitQty>Unknown</UnitQty>
      <Quantity>0.00</Quantity>
      <bIsWeighted>1</bIsWeighted>
      <UnitOfMeasure>ק"ג</UnitOfMeasure>
      <QtyInPackage>0</QtyInPackage>
      <ItemPrice>30.00</ItemPrice>
      <UnitOfMeasurePrice>30.00</UnitOfMeasurePrice>
      <AllowDiscount>1</AllowDiscount>
      <ItemStatus>1</ItemStatus>
    </Item>
    <Item>
      <PriceUpdateDate>2024-06-22 21:12</PriceUpdateDate>
      <ItemCode>12086322211</ItemCode>
      <ItemType>1</ItemType>
      <ItemName>יין דרוהין שבלי 750 מל צרפתי</ItemName>
      <ManufacturerName>לא ידוע</ManufacturerName>
      <ManufactureCountry>לא ידוע</ManufactureCountry>
      <ManufacturerItemDescription>יין דרוהין שבלי 750 </ManufacturerItemDescription>
      <UnitQty>Unknown</UnitQty>
      <Quantity>0.00</Quantity>
      <bIsWeighted>0</bIsWeighted>
      <UnitOfMeasure>Unknown</UnitOfMeasure>
      <QtyInPackage>1</QtyInPackage>
      <ItemPrice>131.90</ItemPrice>
      <UnitOfMeasurePrice>131.90</UnitOfMeasurePrice>
      <AllowDiscount>1</AllowDiscount>
      <ItemStatus>1</ItemStatus>
    </Item>
    <Item>
      <PriceUpdateDate>2025-01-30 07:57</PriceUpdateDate>
      <ItemCode>16000548404</ItemCode>
      <ItemType>1</ItemType>
      <ItemName>קראנצי בטעם שיבולת שועל ודבש 210 גר</ItemName>
      <ManufacturerName>לא ידוע</ManufacturerName>
      <ManufactureCountry>לא ידוע</ManufactureCountry>
      <ManufacturerItemDescription>קראנצי בטעם שיבולת  </ManufacturerItemDescription>
      <UnitQty>גרמים</UnitQty>
      <Quantity>210.00</Quantity>
      <bIsWeighted>0</bIsWeighted>
      <UnitOfMeasure>100 גרם</UnitOfMeasure>
      <QtyInPackage>1</QtyInPackage>
      <ItemPrice>22.90</ItemPrice>
      <UnitOfMeasurePrice>10.90</UnitOfMeasurePrice>
      <AllowDiscount>1</AllowDiscount>
      <ItemStatus>1</ItemStatus>
    </Item>
    <Item>
      <PriceUpdateDate>2025-01-29 07:08</PriceUpdateDate>
      <ItemCode>18000701223</ItemCode>
      <ItemType>1</ItemType>
      <ItemName>תערובת לעוגת שוקולד 517 גרם פילסבורי</ItemName>
      <ManufacturerName>לא ידוע</ManufacturerName>
      <ManufactureCountry>לא ידוע</ManufactureCountry>
      <ManufacturerItemDescription>תערובת לעוגת שוקולד </ManufacturerItemDescription>
      <UnitQty>גרמים</UnitQty>
      <Quantity>517.00</Quantity>
      <bIsWeighted>0</bIsWeighted>
      <UnitOfMeasure>100 גרם</UnitOfMeasure>
      <QtyInPackage>1</QtyInPackage>
      <ItemPrice>22.90</ItemPrice>
      <UnitOfMeasurePrice>4.43</UnitOfMeasurePrice>
      <AllowDiscount>1</AllowDiscount>
      <ItemStatus>1</ItemStatus>
    </Item>
    <Item>
      <PriceUpdateDate>2025-07-03 13:15</PriceUpdateDate>
      <ItemCode>1951224</ItemCode>
      <ItemType>1</ItemType>
      <ItemName>חזה עוף לולו</ItemName>
      <ManufacturerName>לולו</ManufacturerName>
      <ManufactureCountry>ישראל</ManufactureCountry>
      <ManufacturerItemDescription>חזה עוף לולו        </ManufacturerItemDescription>
      <UnitQty>Unknown</UnitQty>
      <Quantity>0.00</Quantity>
      <bIsWeighted>1</bIsWeighted>
      <UnitOfMeasure>ק"ג</UnitOfMeasure>
      <QtyInPackage>0</QtyInPackage>
      <ItemPrice>64.90</ItemPrice>
      <UnitOfMeasurePrice>64.90</UnitOfMeasurePrice>
      <AllowDiscount>1</AllowDiscount>
      <ItemStatus>1</ItemStatus>
    </Item>
    <Item>
      <PriceUpdateDate>2025-07-03 13:14</PriceUpdateDate>
      <ItemCode>1951361</ItemCode>
      <ItemType>1</ItemType>
      <ItemName>שוקיים עוף לולו</ItemName>
      <ManufacturerName>לולו</ManufacturerName>
      <ManufactureCountry>ישראל</ManufactureCountry>
      <ManufacturerItemDescription>שוקיים עוף לולו     </ManufacturerItemDescription>
      <UnitQty>Unknown</UnitQty>
      <Quantity>0.00</Quantity>
      <bIsWeighted>1</bIsWeighted>
      <UnitOfMeasure>ק"ג</UnitOfMeasure>
      <QtyInPackage>0</QtyInPackage>
      <ItemPrice>59.90</ItemPrice>
      <UnitOfMeasurePrice>59.90</UnitOfMeasurePrice>
      <AllowDiscount>1</AllowDiscount>
      <ItemStatus>1</ItemStatus>
    </Item>
    <Item>
      <PriceUpdateDate>2025-08-13 14:51</PriceUpdateDate>
      <ItemCode>195480030088</ItemCode>
      <ItemType>1</ItemType>
      <ItemName>בלוק צימקאו שוולד מריר אופנהיימר 300 גר</ItemName>
      <ManufacturerName>לא ידוע</ManufacturerName>
      <ManufactureCountry>ישראל</ManufactureCountry>
      <ManufacturerItemDescription>בלוק צימקאו שוולד מר</ManufacturerItemDescription>
      <UnitQty>גרמים</UnitQty>
      <Quantity>300.00</Quantity>
      <bIsWeighted>0</bIsWeighted>
      <UnitOfMeasure>100 גרם</UnitOfMeasure>
      <QtyInPackage>1</QtyInPackage>
      <ItemPrice>12.90</ItemPrice>
      <UnitOfMeasurePrice>4.30</UnitOfMeasurePrice>
      <AllowDiscount>1</AllowDiscount>
      <ItemStatus>1</ItemStatus>
    </Item>
    <Item>
      <PriceUpdateDate>2024-11-17 13:15</PriceUpdateDate>
      <ItemCode>2073932</ItemCode>
      <ItemType>1</ItemType>
      <ItemName>פסטרמה רוסט ריב עגל</ItemName>
      <ManufacturerName>לא ידוע</ManufacturerName>
      <ManufactureCountry>לא ידוע</ManufactureCountry>
      <ManufacturerItemDescription>פסטרמה רוסט ריב עגל </ManufacturerItemDescription>
      <UnitQty>Unknown</UnitQty>
      <Quantity>0.00</Quantity>
      <bIsWeighted>1</bIsWeighted>
      <UnitOfMeasure>ק"ג</UnitOfMeasure>
      <QtyInPackage>0</QtyInPackage>
      <ItemPrice>139.00</ItemPrice>
      <UnitOfMeasurePrice>139.00</UnitOfMeasurePrice>
      <AllowDiscount>1</AllowDiscount>
      <ItemStatus>1</ItemStatus>
    </Item>
    <Item>
      <PriceUpdateDate>2025-03-25 06:58</PriceUpdateDate>
      <ItemCode>21723339994</ItemCode>
      <ItemType>1</ItemType>
      <ItemName>רוטב דגים 300מ`ל    </ItemName>
      <ManufacturerName>לא ידוע</ManufacturerName>
      <ManufactureCountry>לא ידוע</ManufactureCountry>
      <ManufacturerItemDescription>רוטב דגים 300מ`ל    </ManufacturerItemDescription>
      <UnitQty>מיליליטרים</UnitQty>
      <Quantity>300.00</Quantity>
      <bIsWeighted>0</bIsWeighted>
      <UnitOfMeasure>100 מ"ל</UnitOfMeasure>
      <QtyInPackage>1</QtyInPackage>
      <ItemPrice>14.20</ItemPrice>
      <UnitOfMeasurePrice>4.73</UnitOfMeasurePrice>
      <AllowDiscount>1</AllowDiscount>
      <ItemStatus>1</ItemStatus>
    </Item>
    <Item>
      <PriceUpdateDate>2021-01-20 21:12</PriceUpdateDate>
      <ItemCode>2208013</ItemCode>
      <ItemType>1</ItemType>
      <ItemName>גבינת קשקבל כבשים דותן במשקל</ItemName>
      <ManufacturerName>לא ידוע</ManufacturerName>
      <ManufactureCountry>לא ידוע</ManufactureCountry>
      <ManufacturerItemDescription>גבינת קשקבל כבשים דו</ManufacturerItemDescription>
      <UnitQty>Unknown</UnitQty>
      <Quantity>0.00</Quantity>
      <bIsWeighted>1</bIsWeighted>
      <UnitOfMeasure>ק"ג</UnitOfMeasure>
      <QtyInPackage>0</QtyInPackage>
      <ItemPrice>144.00</ItemPrice>
      <UnitOfMeasurePrice>144.00</UnitOfMeasurePrice>
      <AllowDiscount>1</AllowDiscount>
      <ItemStatus>1</ItemStatus>
    </Item>
    <Item>
      <PriceUpdateDate>2025-07-01 06:22</PriceUpdateDate>
      <ItemCode>2220675</ItemCode>
      <ItemType>1</ItemType>
      <ItemName>גרנה פדנו איטלקית במשקל</ItemName>
      <ManufacturerName>לא ידוע</ManufacturerName>
      <ManufactureCountry>לא ידוע</ManufactureCountry>
      <ManufacturerItemDescription>גרנה פדנו איטלקי במש</ManufacturerItemDescription>
      <UnitQty>Unknown</UnitQty>
      <Quantity>0.00</Quantity>
      <bIsWeighted>1</bIsWeighted>
      <UnitOfMeasure>ק"ג</UnitOfMeasure>
      <QtyInPackage>0</QtyInPackage>
      <ItemPrice>169.00</ItemPrice>
      <UnitOfMeasurePrice>169.00</UnitOfMeasurePrice>
      <AllowDiscount>1</AllowDiscount>
      <ItemStatus>1</ItemStatus>
    </Item>
    <Item>
      <PriceUpdateDate>2025-07-01 06:22</PriceUpdateDate>
      <ItemCode>2261746002521</ItemCode>
      <ItemType>1</ItemType>
      <ItemName>גבינת בלו סטילטון אנגלית במשקל</ItemName>
      <ManufacturerName>לא ידוע</ManufacturerName>
      <ManufactureCountry>לא ידוע</ManufactureCountry>
      <ManufacturerItemDescription>גבינת בלו סטילטון   </ManufacturerItemDescription>
      <UnitQty>Unknown</UnitQty>
      <Quantity>0.00</Quantity>
      <bIsWeighted>1</bIsWeighted>
      <UnitOfMeasure>ק"ג</UnitOfMeasure>
      <QtyInPackage>0</QtyInPackage>
      <ItemPrice>235.00</ItemPrice>
      <UnitOfMeasurePrice>235.00</UnitOfMeasurePrice>
      <AllowDiscount>1</AllowDiscount>
      <ItemStatus>1</ItemStatus>
    </Item>
    <Item>
      <PriceUpdateDate>2025-07-01 06:22</PriceUpdateDate>
      <ItemCode>2345824</ItemCode>
      <ItemType>1</ItemType>
      <ItemName>פרמזנו רגאנו מנות במשקל</ItemName>
      <ManufacturerName>לא ידוע</ManufacturerName>
      <ManufactureCountry>IT</ManufactureCountry>
      <ManufacturerItemDescription>פרמזנו רגאנו מנות במ</ManufacturerItemDescription>
      <UnitQty>Unknown</UnitQty>
      <Quantity>0.00</Quantity>
      <bIsWeighted>1</bIsWeighted>
      <UnitOfMeasure>ק"ג</UnitOfMeasure>
      <QtyInPackage>0</QtyInPackage>
      <ItemPrice>239.00</ItemPrice>
      <UnitOfMeasurePrice>239.00</UnitOfMeasurePrice>
      <AllowDiscount>1</AllowDiscount>
      <ItemStatus>1</ItemStatus>
    </Item>
    <Item>
      <PriceUpdateDate>2025-07-10 11:28</PriceUpdateDate>
      <ItemCode>2345879</ItemCode>
      <ItemType>1</ItemType>
      <ItemName>פרמזנו רגאנו במשקל</ItemName>
      <ManufacturerName>לא ידוע</ManufacturerName>
      <ManufactureCountry>IT</ManufactureCountry>
      <ManufacturerItemDescription>פרמזנו רגאנו במשקל  </ManufacturerItemDescription>
      <UnitQty>Unknown</UnitQty>
      <Quantity>0.00</Quantity>
      <bIsWeighted>1</bIsWeighted>
      <UnitOfMeasure>ק"ג</UnitOfMeasure>
      <QtyInPackage>0</QtyInPackage>
      <ItemPrice>199.00</ItemPrice>
      <UnitOfMeasurePrice>199.00</UnitOfMeasurePrice>
      <AllowDiscount>1</AllowDiscount>
      <ItemStatus>1</ItemStatus>
    </Item>
    <Item>
      <PriceUpdateDate>2025-07-10 11:26</PriceUpdateDate>
      <ItemCode>2385455</ItemCode>
      <ItemType>1</ItemType>
      <ItemName>בולגרית מעודנת 24% גד במשקל</ItemName>
      <ManufacturerName>לא ידוע</ManufacturerName>
      <ManufactureCountry>ישראל</ManufactureCountry>
      <ManufacturerItemDescription>בולגרית מעודנת 24% ג</ManufacturerItemDescription>
      <UnitQty>Unknown</UnitQty>
      <Quantity>0.00</Quantity>
      <bIsWeighted>1</bIsWeighted>
      <UnitOfMeasure>ק"ג</UnitOfMeasure>
      <QtyInPackage>0</QtyInPackage>
      <ItemPrice>89.00</ItemPrice>
      <UnitOfMeasurePrice>89.00</UnitOfMeasurePrice>
      <AllowDiscount>1</AllowDiscount>
      <ItemStatus>1</ItemStatus>
    </Item>
    <Item>
      <PriceUpdateDate>2025-12-21 09:01</PriceUpdateDate>
      <ItemCode>2400264</ItemCode>
      <ItemType>1</ItemType>
      <ItemName>נתח קצבים דק סקין פריים</ItemName>
      <ManufacturerName>לא ידוע</ManufacturerName>
      <ManufactureCountry>לא ידוע</ManufactureCountry>
      <ManufacturerItemDescription>נתח קצבים דק        </ManufacturerItemDescription>
      <UnitQty>Unknown</UnitQty>
      <Quantity>0.00</Quantity>
      <bIsWeighted>1</bIsWeighted>
      <UnitOfMeasure>ק"ג</UnitOfMeasure>
      <QtyInPackage>0</QtyInPackage>
      <ItemPrice>119.90</ItemPrice>
      <UnitOfMeasurePrice>119.90</UnitOfMeasurePrice>
      <AllowDiscount>1</AllowDiscount>
      <ItemStatus>1</ItemStatus>
    </Item>
    <Item>
      <PriceUpdateDate>2025-12-21 09:01</PriceUpdateDate>
      <ItemCode>2400318</ItemCode>
      <ItemType>1</ItemType>
      <ItemName>נתח קצבים עבה סקין פריים</ItemName>
      <ManufacturerName>לא ידוע</ManufacturerName>
      <ManufactureCountry>לא ידוע</ManufactureCountry>
      <ManufacturerItemDescription>נתח קצבים עבה       </ManufacturerItemDescription>
      <UnitQty>Unknown</UnitQty>
      <Quantity>0.00</Quantity>
      <bIsWeighted>1</bIsWeighted>
      <UnitOfMeasure>ק"ג</UnitOfMeasure>
      <QtyInPackage>0</QtyInPackage>
      <ItemPrice>154.90</ItemPrice>
      <UnitOfMeasurePrice>154.90</UnitOfMeasurePrice>
      <AllowDiscount>1</AllowDiscount>
      <ItemStatus>1</ItemStatus>
    </Item>
    <Item>
      <PriceUpdateDate>2025-03-03 07:06</PriceUpdateDate>
      <ItemCode>2400554</ItemCode>
      <ItemType>1</ItemType>
      <ItemName>טיבון טלה סקין פריים</ItemName>
      <ManufacturerName>לא ידוע</ManufacturerName>
      <ManufactureCountry>ישראל</ManufactureCountry>
      <ManufacturerItemDescription>טיבון טלה סקין פריים</ManufacturerItemDescription>
      <UnitQty>Unknown</UnitQty>
      <Quantity>0.00</Quantity>
      <bIsWeighted>1</bIsWeighted>
      <UnitOfMeasure>ק"ג</UnitOfMeasure>
      <QtyInPackage>0</QtyInPackage>
      <ItemPrice>194.90</ItemPrice>
      <UnitOfMeasurePrice>194.90</UnitOfMeasurePrice>
      <AllowDiscount>1</AllowDiscount>
      <ItemStatus>1</ItemStatus>
    </Item>
    <Item>
      <PriceUpdateDate>2025-03-03 07:06</PriceUpdateDate>
      <ItemCode>25675301092</ItemCode>
      <ItemType>1</ItemType>
      <ItemName>חמצוצים 4 טעמים טבעי 40 גרם</ItemName>
      <ManufacturerName>לא ידוע</ManufacturerName>
      <ManufactureCountry>לא ידוע</ManufactureCountry>
      <ManufacturerItemDescription>חמצוצים 4 טעמים טבעי</ManufacturerItemDescription>
      <UnitQty>גרמים</UnitQty>
      <Quantity>40.00</Quantity>
      <bIsWeighted>0</bIsWeighted>
      <UnitOfMeasure>100 גרם</UnitOfMeasure>
      <QtyInPackage>1</QtyInPackage>
      <ItemPrice>9.60</ItemPrice>
      <UnitOfMeasurePrice>24.00</UnitOfMeasurePrice>
      <AllowDiscount>1</AllowDiscount>
      <ItemStatus>1</ItemStatus>
    </Item>
    <Item>
      <PriceUpdateDate>2025-03-03 07:06</PriceUpdateDate>
      <ItemCode>25675301153</ItemCode>
      <ItemType>1</ItemType>
      <ItemName>מקלות חמצוצים פטל 50 גרם</ItemName>
      <ManufacturerName>לא ידוע</ManufacturerName>
      <ManufactureCountry>לא ידוע</ManufactureCountry>
      <ManufacturerItemDescription>מקלות חמצוצים פטל 50</ManufacturerItemDescription>
      <UnitQty>גרמים</UnitQty>
      <Quantity>50.00</Quantity>
      <bIsWeighted>0</bIsWeighted>
      <UnitOfMeasure>100 גרם</UnitOfMeasure>
      <QtyInPackage>1</QtyInPackage>
      <ItemPrice>9.60</ItemPrice>
      <UnitOfMeasurePrice>19.20</UnitOfMeasurePrice>
      <AllowDiscount>1</AllowDiscount>
      <ItemStatus>1</ItemStatus>
    </Item>
    <Item>
      <PriceUpdateDate>2025-03-25 07:05</PriceUpdateDate>
      <ItemCode>25675301207</ItemCode>
      <ItemType>1</ItemType>
      <ItemName>מקלות חמצוצים תפו"ע 50 גרם</ItemName>
      <ManufacturerName>לא ידוע</ManufacturerName>
      <ManufactureCountry>לא ידוע</ManufactureCountry>
      <ManufacturerItemDescription>מקלות חמצוצים תפו"ע </ManufacturerItemDescription>
      <UnitQty>גרמים</UnitQty>
      <Quantity>50.00</Quantity>
      <bIsWeighted>0</bIsWeighted>
      <UnitOfMeasure>100 גרם</UnitOfMeasure>
      <QtyInPackage>1</QtyInPackage>
      <ItemPrice>9.60</ItemPrice>
      <UnitOfMeasurePrice>19.20</UnitOfMeasurePrice>
      <AllowDiscount>1</AllowDiscount>
      <ItemStatus>1</ItemStatus>
    </Item>
    <Item>
      <PriceUpdateDate>2025-07-10 11:26</PriceUpdateDate>
      <ItemCode>2617471</ItemCode>
      <ItemType>1</ItemType>
      <ItemName>גבינת צדר אנגלית מיושנת במשקל</ItemName>
      <ManufacturerName>לא ידוע</ManufacturerName>
      <ManufactureCountry>לא ידוע</ManufactureCountry>
      <ManufacturerItemDescription>גבינת צדר אנגלית    </ManufacturerItemDescription>
      <UnitQty>Unknown</UnitQty>
      <Quantity>0.00</Quantity>
      <bIsWeighted>1</bIsWeighted>
      <UnitOfMeasure>ק"ג</UnitOfMeasure>
      <QtyInPackage>0</QtyInPackage>
      <ItemPrice>169.00</ItemPrice>
      <UnitOfMeasurePrice>169.00</UnitOfMeasurePrice>
      <AllowDiscount>1</AllowDiscount>
      <ItemStatus>1</ItemStatus>
    </Item>
    <Item>
      <PriceUpdateDate>2025-07-10 11:25</PriceUpdateDate>
      <ItemCode>2617488</ItemCode>
      <ItemType>1</ItemType>
      <ItemName>גבינת צדר אנגלית מיושנת במשקל</ItemName>
      <ManufacturerName>לא ידוע</ManufacturerName>
      <ManufactureCountry>לא ידוע</ManufactureCountry>
      <ManufacturerItemDescription>גבינת צדר אנגלית    </ManufacturerItemDescription>
      <UnitQty>Unknown</UnitQty>
      <Quantity>0.00</Quantity>
      <bIsWeighted>1</bIsWeighted>
      <UnitOfMeasure>ק"ג</UnitOfMeasure>
      <QtyInPackage>0</QtyInPackage>
      <ItemPrice>149.00</ItemPrice>
      <UnitOfMeasurePrice>149.00</UnitOfMeasurePrice>
      <AllowDiscount>1</AllowDiscount>
      <ItemStatus>1</ItemStatus>
    </Item>
    <Item>
      <PriceUpdateDate>2025-07-10 11:28</PriceUpdateDate>
      <ItemCode>2617501</ItemCode>
      <ItemType>1</ItemType>
      <ItemName>גבינת צדר עם חמוציות במשקל</ItemName>
      <ManufacturerName>לא ידוע</ManufacturerName>
      <ManufactureCountry>לא ידוע</ManufactureCountry>
      <ManufacturerItemDescription>גבינת צדר עם חמוציות</ManufacturerItemDescription>
      <UnitQty>Unknown</UnitQty>
      <Quantity>0.00</Quantity>
      <bIsWeighted>1</bIsWeighted>
      <UnitOfMeasure>ק"ג</UnitOfMeasure>
      <QtyInPackage>0</QtyInPackage>
      <ItemPrice>199.00</ItemPrice>
      <UnitOfMeasurePrice>199.00</UnitOfMeasurePrice>
      <AllowDiscount>1</AllowDiscount>
      <ItemStatus>1</ItemStatus>
    </Item>
    <Item>
      <PriceUpdateDate>2025-03-03 06:56</PriceUpdateDate>
      <ItemCode>27000001127</ItemCode>
      <ItemType>1</ItemType>
      <ItemName>רוטב ברביקיו דבש חרדל 510 גר</ItemName>
      <ManufacturerName>לא ידוע</ManufacturerName>
      <ManufactureCountry>ארה"ב</ManufactureCountry>
      <ManufacturerItemDescription>רוטב ברביקיו דבש חרד</ManufacturerItemDescription>
      <UnitQty>גרמים</UnitQty>
      <Quantity>510.00</Quantity>
      <bIsWeighted>0</bIsWeighted>
      <UnitOfMeasure>100 גרם</UnitOfMeasure>
      <QtyInPackage>1</QtyInPackage>
      <ItemPrice>20.50</ItemPrice>
      <UnitOfMeasurePrice>4.02</UnitOfMeasurePrice>
      <AllowDiscount>1</AllowDiscount>
      <ItemStatus>1</ItemStatus>
    </Item>
    <Item>
      <PriceUpdateDate>2024-11-17 13:15</PriceUpdateDate>
      <ItemCode>2749561</ItemCode>
      <ItemType>1</ItemType>
      <ItemName>נקניקיות בוואריה מזרע</ItemName>
      <ManufacturerName>לא ידוע</ManufacturerName>
      <ManufactureCountry>לא ידוע</ManufactureCountry>
      <ManufacturerItemDescription>נקניקיות בוואריה    </ManufacturerItemDescription>
      <UnitQty>Unknown</UnitQty>
      <Quantity>0.00</Quantity>
      <bIsWeighted>1</bIsWeighted>
      <UnitOfMeasure>ק"ג</UnitOfMeasure>
      <QtyInPackage>0</QtyInPackage>
      <ItemPrice>89.00</ItemPrice>
      <UnitOfMeasurePrice>89.00</UnitOfMeasurePrice>
      <AllowDiscount>1</AllowDiscount>
      <ItemStatus>1</ItemStatus>
    </Item>
    <Item>
      <PriceUpdateDate>2025-07-10 11:28</PriceUpdateDate>
      <ItemCode>2812530</ItemCode>
      <ItemType>1</ItemType>
      <ItemName>גאודה הולנדי עשבי תיבול במשקל</ItemName>
      <ManufacturerName>לא ידוע</ManufacturerName>
      <ManufactureCountry>לא ידוע</ManufactureCountry>
      <ManufacturerItemDescription>גאודה עשבי תיבול    </ManufacturerItemDescription>
      <UnitQty>Unknown</UnitQty>
      <Quantity>0.00</Quantity>
      <bIsWeighted>1</bIsWeighted>
      <UnitOfMeasure>ק"ג</UnitOfMeasure>
      <QtyInPackage>0</QtyInPackage>
      <ItemPrice>135.00</ItemPrice>
      <UnitOfMeasurePrice>135.00</UnitOfMeasurePrice>
      <AllowDiscount>1</AllowDiscount>
      <ItemStatus>1</ItemStatus>
    </Item>
    <Item>
      <PriceUpdateDate>2025-07-10 11:28</PriceUpdateDate>
      <ItemCode>2920311</ItemCode>
      <ItemType>1</ItemType>
      <ItemName>גבינת קממבר צאן במשקל גד</ItemName>
      <ManufacturerName>לא ידוע</ManufacturerName>
      <ManufactureCountry>ישראל</ManufactureCountry>
      <ManufacturerItemDescription>גבינת קממבר צאן במשק</ManufacturerItemDescription>
      <UnitQty>Unknown</UnitQty>
      <Quantity>0.00</Quantity>
      <bIsWeighted>1</bIsWeighted>
      <UnitOfMeasure>ק"ג</UnitOfMeasure>
      <QtyInPackage>0</QtyInPackage>
      <ItemPrice>175.00</ItemPrice>
      <UnitOfMeasurePrice>175.00</UnitOfMeasurePrice>
      <AllowDiscount>1</AllowDiscount>
      <ItemStatus>1</ItemStatus>
    </Item>
    <Item>
      <PriceUpdateDate>2024-11-28 07:56</PriceUpdateDate>
      <ItemCode>29801025203</ItemCode>
      <ItemType>1</ItemType>
      <ItemName>עוגיות חמאה קריספי - ב. באטרס 200 גר</ItemName>
      <ManufacturerName>לא ידוע</ManufacturerName>
      <ManufactureCountry>לא ידוע</ManufactureCountry>
      <ManufacturerItemDescription>עוגיות חמאה קריספי -</ManufacturerItemDescription>
      <UnitQty>גרמים</UnitQty>
      <Quantity>200.00</Quantity>
      <bIsWeighted>0</bIsWeighted>
      <UnitOfMeasure>100 גרם</UnitOfMeasure>
      <QtyInPackage>1</QtyInPackage>
      <ItemPrice>27.90</ItemPrice>
      <UnitOfMeasurePrice>13.95</UnitOfMeasurePrice>
      <AllowDiscount>1</AllowDiscount>
      <ItemStatus>1</ItemStatus>
    </Item>
    <Item>
      <PriceUpdateDate>2025-03-25 06:55</PriceUpdateDate>
      <ItemCode>30100472414</ItemCode>
      <ItemType>1</ItemType>
      <ItemName>סנדוויץ קרקר קלאב צדר 311 גרם</ItemName>
      <ManufacturerName>לא ידוע</ManufacturerName>
      <ManufactureCountry>לא ידוע</ManufactureCountry>
      <ManufacturerItemDescription>סנדוויץ קרקר קלאב צד</ManufacturerItemDescription>
      <UnitQty>גרמים</UnitQty>
      <Quantity>311.00</Quantity>
      <bIsWeighted>0</bIsWeighted>
      <UnitOfMeasure>100 גרם</UnitOfMeasure>
      <QtyInPackage>1</QtyInPackage>
      <ItemPrice>41.90</ItemPrice>
      <UnitOfMeasurePrice>13.47</UnitOfMeasurePrice>
      <AllowDiscount>1</AllowDiscount>
      <ItemStatus>1</ItemStatus>
    </Item>
    <Item>
      <PriceUpdateDate>2025-02-27 13:08</PriceUpdateDate>
      <ItemCode>3017800501658</ItemCode>
      <ItemType>1</ItemType>
      <ItemName>תירס מתוק 300 גרם</ItemName>
      <ManufacturerName>לא ידוע</ManufacturerName>
      <ManufactureCountry>FR</ManufactureCountry>
      <ManufacturerItemDescription>תירס מתוק 300 גרם   </ManufacturerItemDescription>
      <UnitQty>גרמים</UnitQty>
      <Quantity>300.00</Quantity>
      <bIsWeighted>0</bIsWeighted>
      <UnitOfMeasure>100 גרם</UnitOfMeasure>
      <QtyInPackage>1</QtyInPackage>
      <ItemPrice>8.50</ItemPrice>
      <UnitOfMeasurePrice>2.83</UnitOfMeasurePrice>
      <AllowDiscount>1</AllowDiscount>
      <ItemStatus>1</ItemStatus>
    </Item>
    <Item>
      <PriceUpdateDate>2025-03-03 06:57</PriceUpdateDate>
      <ItemCode>3034250007813</ItemCode>
      <ItemType>1</ItemType>
      <ItemName>ממחטות נייר קלינקס 9*12</ItemName>
      <ManufacturerName>לא ידוע</ManufacturerName>
      <ManufactureCountry>לא ידוע</ManufactureCountry>
      <ManufacturerItemDescription>ממחטות נייר קלינקס 9</ManufacturerItemDescription>
      <UnitQty>Unknown</UnitQty>
      <Quantity>0.00</Quantity>
      <bIsWeighted>0</bIsWeighted>
      <UnitOfMeasure>Unknown</UnitOfMeasure>
      <QtyInPackage>1</QtyInPackage>
      <ItemPrice>20.90</ItemPrice>
      <UnitOfMeasurePrice>20.90</UnitOfMeasurePrice>
      <AllowDiscount>1</AllowDiscount>
      <ItemStatus>1</ItemStatus>
    </Item>
    <Item>
      <PriceUpdateDate>2023-03-15 14:33</PriceUpdateDate>
      <ItemCode>3035542004206</ItemCode>
      <ItemType>1</ItemType>
      <ItemName>ליקר קוואנטרו 700 מ"ל</ItemName>
      <ManufacturerName>לא ידוע</ManufacturerName>
      <ManufactureCountry>לא ידוע</ManufactureCountry>
      <ManufacturerItemDescription>ליקר קוואנטרו 700 מ"</ManufacturerItemDescription>
      <UnitQty>מיליליטרים</UnitQty>
      <Quantity>700.00</Quantity>
      <bIsWeighted>0</bIsWeighted>
      <UnitOfMeasure>100 מ"ל</UnitOfMeasure>
      <QtyInPackage>1</QtyInPackage>
      <ItemPrice>139.90</ItemPrice>
      <UnitOfMeasurePrice>19.99</UnitOfMeasurePrice>
      <AllowDiscount>1</AllowDiscount>
      <ItemStatus>1</ItemStatus>
    </Item>
    <Item>
      <PriceUpdateDate>2025-03-25 13:41</PriceUpdateDate>
      <ItemCode>3046920023047</ItemCode>
      <ItemType>1</ItemType>
      <ItemName>שוקולד לינדט אקסלנס פיסטוק 100 גר</ItemName>
      <ManufacturerName>לא ידוע</ManufacturerName>
      <ManufactureCountry>צרפת</ManufactureCountry>
      <ManufacturerItemDescription>שוקולד לינדט אקסלנס </ManufacturerItemDescription>
      <UnitQty>גרמים</UnitQty>
      <Quantity>100.00</Quantity>
      <bIsWeighted>0</bIsWeighted>
      <UnitOfMeasure>100 גרם</UnitOfMeasure>
      <QtyInPackage>1</QtyInPackage>
      <ItemPrice>26.90</ItemPrice>
      <UnitOfMeasurePrice>26.90</UnitOfMeasurePrice>
      <AllowDiscount>1</AllowDiscount>
      <ItemStatus>1</ItemStatus>
    </Item>
    <Item>
      <PriceUpdateDate>2025-09-05 09:14</PriceUpdateDate>
      <ItemCode>3046920027281</ItemCode>
      <ItemType>1</ItemType>
      <ItemName>לינדט אקס קרמל סולט 100 גרם</ItemName>
      <ManufacturerName>לא ידוע</ManufacturerName>
      <ManufactureCountry>לא ידוע</ManufactureCountry>
      <ManufacturerItemDescription>לינדט אקס קרמל סולט </ManufacturerItemDescription>
      <UnitQty>גרמים</UnitQty>
      <Quantity>100.00</Quantity>
      <bIsWeighted>0</bIsWeighted>
      <UnitOfMeasure>100 גרם</UnitOfMeasure>
      <QtyInPackage>1</QtyInPackage>
      <ItemPrice>26.90</ItemPrice>
      <UnitOfMeasurePrice>26.90</UnitOfMeasurePrice>
      <AllowDiscount>1</AllowDiscount>
      <ItemStatus>1</ItemStatus>
    </Item>
    <Item>
      <PriceUpdateDate>2025-09-05 09:14</PriceUpdateDate>
      <ItemCode>3046920028004</ItemCode>
      <ItemType>1</ItemType>
      <ItemName>לינדט שוקולד אקסלנס מריר 70% 100 גר</ItemName>
      <ManufacturerName>לא ידוע</ManufacturerName>
      <ManufactureCountry>לא ידוע</ManufactureCountry>
      <ManufacturerItemDescription>לינדט שוקולד אקסלנס </ManufacturerItemDescription>
      <UnitQty>גרמים</UnitQty>
      <Quantity>100.00</Quantity>
      <bIsWeighted>0</bIsWeighted>
      <UnitOfMeasure>100 גרם</UnitOfMeasure>
      <QtyInPackage>1</QtyInPackage>
      <ItemPrice>26.90</ItemPrice>
      <UnitOfMeasurePrice>26.90</UnitOfMeasurePrice>
      <AllowDiscount>1</AllowDiscount>
      <ItemStatus>1</ItemStatus>
    </Item>
    <Item>
      <PriceUpdateDate>2025-09-05 09:14</PriceUpdateDate>
      <ItemCode>3046920028363</ItemCode>
      <ItemType>1</ItemType>
      <ItemName>לינדט אקסלנס 85% 100 גרם</ItemName>
      <ManufacturerName>לא ידוע</ManufacturerName>
      <ManufactureCountry>לא ידוע</ManufactureCountry>
      <ManufacturerItemDescription>לינדט אקסלנס 85% 100</ManufacturerItemDescription>
      <UnitQty>גרמים</UnitQty>
      <Quantity>100.00</Quantity>
      <bIsWeighted>0</bIsWeighted>
      <UnitOfMeasure>100 גרם</UnitOfMeasure>
      <QtyInPackage>1</QtyInPackage>
      <ItemPrice>26.90</ItemPrice>
      <UnitOfMeasurePrice>26.90</UnitOfMeasurePrice>
      <AllowDiscount>1</AllowDiscount>
      <ItemStatus>1</ItemStatus>
    </Item>
    <Item>
      <PriceUpdateDate>2025-09-05 09:14</PriceUpdateDate>
      <ItemCode>3046920028752</ItemCode>
      <ItemType>1</ItemType>
      <ItemName>לינדט אקסלנס מינט 100 גרם</ItemName>
      <ManufacturerName>לא ידוע</ManufacturerName>
      <ManufactureCountry>לא ידוע</ManufactureCountry>
      <ManufacturerItemDescription>לינדט אקסלנס מינט 10</ManufacturerItemDescription>
      <UnitQty>גרמים</UnitQty>
      <Quantity>100.00</Quantity>
      <bIsWeighted>0</bIsWeighted>
      <UnitOfMeasure>100 גרם</UnitOfMeasure>
      <QtyInPackage>1</QtyInPackage>
      <ItemPrice>26.90</ItemPrice>
      <UnitOfMeasurePrice>26.90</UnitOfMeasurePrice>
      <AllowDiscount>1</AllowDiscount>
      <ItemStatus>1</ItemStatus>
    </Item>
    <Item>
      <PriceUpdateDate>2025-09-05 09:13</PriceUpdateDate>
      <ItemCode>3046920029759</ItemCode>
      <ItemType>1</ItemType>
      <ItemName>לינדט אקס 90%, 100 גרם</ItemName>
      <ManufacturerName>לא ידוע</ManufacturerName>
      <ManufactureCountry>לא ידוע</ManufactureCountry>
      <ManufacturerItemDescription>לינדט אקס 90%, 100 ג</ManufacturerItemDescription>
      <UnitQty>גרמים</UnitQty>
      <Quantity>100.00</Quantity>
      <bIsWeighted>0</bIsWeighted>
      <UnitOfMeasure>100 גרם</UnitOfMeasure>
      <QtyInPackage>1</QtyInPackage>
      <ItemPrice>26.90</ItemPrice>
      <UnitOfMeasurePrice>26.90</UnitOfMeasurePrice>
      <AllowDiscount>1</AllowDiscount>
      <ItemStatus>1</ItemStatus>
    </Item>
    <Item>
      <PriceUpdateDate>2025-06-22 13:45</PriceUpdateDate>
      <ItemCode>3046920030021</ItemCode>
      <ItemType>1</ItemType>
      <ItemName>לינדט קרמי דארק 35 גרם</ItemName>
      <ManufacturerName>לא ידוע</ManufacturerName>
      <ManufactureCountry>צרפת</ManufactureCountry>
      <ManufacturerItemDescription>לינדט קרמי דארק 35 ג</ManufacturerItemDescription>
      <UnitQty>גרמים</UnitQty>
      <Quantity>35.00</Quantity>
      <bIsWeighted>0</bIsWeighted>
      <UnitOfMeasure>100 גרם</UnitOfMeasure>
      <QtyInPackage>1</QtyInPackage>
      <ItemPrice>10.90</ItemPrice>
      <UnitOfMeasurePrice>31.14</UnitOfMeasurePrice>
      <AllowDiscount>1</AllowDiscount>
      <ItemStatus>1</ItemStatus>
    </Item>
    <Item>
      <PriceUpdateDate>2025-09-05 09:14</PriceUpdateDate>
      <ItemCode>3046920110341</ItemCode>
      <ItemType>1</ItemType>
      <ItemName>שוקולד לינדט אקסלנס 100% אורנג 100 גר</ItemName>
      <ManufacturerName>לא ידוע</ManufacturerName>
      <ManufactureCountry>FR</ManufactureCountry>
      <ManufacturerItemDescription>שוקולד לינדט אקסלנס </ManufacturerItemDescription>
      <UnitQty>גרמים</UnitQty>
      <Quantity>50.00</Quantity>
      <bIsWeighted>0</bIsWeighted>
      <UnitOfMeasure>100 גרם</UnitOfMeasure>
      <QtyInPackage>1</QtyInPackage>
      <ItemPrice>26.90</ItemPrice>
      <UnitOfMeasurePrice>53.80</UnitOfMeasurePrice>
      <AllowDiscount>1</AllowDiscount>
      <ItemStatus>1</ItemStatus>
    </Item>
    <Item>
      <PriceUpdateDate>2024-07-07 18:02</PriceUpdateDate>
      <ItemCode>3068320014067</ItemCode>
      <ItemType>1</ItemType>
      <ItemName>מים מינרלים אוויאן 750 מל</ItemName>
      <ManufacturerName>לא ידוע</ManufacturerName>
      <ManufactureCountry>לא ידוע</ManufactureCountry>
      <ManufacturerItemDescription>מים מינרלים אוויאן 7</ManufacturerItemDescription>
      <UnitQty>מיליליטרים</UnitQty>
      <Quantity>1000.00</Quantity>
      <bIsWeighted>0</bIsWeighted>
      <UnitOfMeasure>100 מ"ל</UnitOfMeasure>
      <QtyInPackage>1</QtyInPackage>
      <ItemPrice>11.90</ItemPrice>
      <UnitOfMeasurePrice>1.19</UnitOfMeasurePrice>
      <AllowDiscount>1</AllowDiscount>
      <ItemStatus>1</ItemStatus>
    </Item>
    <Item>
      <PriceUpdateDate>2025-03-20 09:42</PriceUpdateDate>
      <ItemCode>3068320127644</ItemCode>
      <ItemType>1</ItemType>
      <ItemName>מים מינרלים אוויאן מבעבע  330 מל זכוכית</ItemName>
      <ManufacturerName>לא ידוע</ManufacturerName>
      <ManufactureCountry>לא ידוע</ManufactureCountry>
      <ManufacturerItemDescription>מים מינרלים אוויאן מ</ManufacturerItemDescription>
      <UnitQty>מיליליטרים</UnitQty>
      <Quantity>330.00</Quantity>
      <bIsWeighted>0</bIsWeighted>
      <UnitOfMeasure>100 מ"ל</UnitOfMeasure>
      <QtyInPackage>1</QtyInPackage>
      <ItemPrice>8.50</ItemPrice>
      <UnitOfMeasurePrice>2.58</UnitOfMeasurePrice>
      <AllowDiscount>1</AllowDiscount>
      <ItemStatus>1</ItemStatus>
    </Item>
    <Item>
      <PriceUpdateDate>2025-02-24 10:56</PriceUpdateDate>
      <ItemCode>3069538102027</ItemCode>
      <ItemType>1</ItemType>
      <ItemName>רכז עגבניות ציריו 70 גר*4</ItemName>
      <ManufacturerName>לא ידוע</ManufacturerName>
      <ManufactureCountry>איטליה</ManufactureCountry>
      <ManufacturerItemDescription>רכז עגבניות ציריו 70</ManufacturerItemDescription>
      <UnitQty>גרמים</UnitQty>
      <Quantity>280.00</Quantity>
      <bIsWeighted>0</bIsWeighted>
      <UnitOfMeasure>100 גרם</UnitOfMeasure>
      <QtyInPackage>1</QtyInPackage>
      <ItemPrice>12.10</ItemPrice>
      <UnitOfMeasurePrice>4.32</UnitOfMeasurePrice>
      <AllowDiscount>1</AllowDiscount>
      <ItemStatus>1</ItemStatus>
    </Item>
    <Item>
      <PriceUpdateDate>2024-11-21 16:53</PriceUpdateDate>
      <ItemCode>3073781199918</ItemCode>
      <ItemType>1</ItemType>
      <ItemName>בייבי בל אדם 100 גרם</ItemName>
      <ManufacturerName>לא ידוע</ManufacturerName>
      <ManufactureCountry>צרפת</ManufactureCountry>
      <ManufacturerItemDescription>בייבי בל אדם 100 גרם</ManufacturerItemDescription>
      <UnitQty>גרמים</UnitQty>
      <Quantity>100.00</Quantity>
      <bIsWeighted>0</bIsWeighted>
      <UnitOfMeasure>100 גרם</UnitOfMeasure>
      <QtyInPackage>1</QtyInPackage>
      <ItemPrice>25.90</ItemPrice>
      <UnitOfMeasurePrice>25.90</UnitOfMeasurePrice>
      <AllowDiscount>1</AllowDiscount>
      <ItemStatus>1</ItemStatus>
    </Item>
    <Item>
      <PriceUpdateDate>2025-05-12 11:25</PriceUpdateDate>
      <ItemCode>3080216064192</ItemCode>
      <ItemType>1</ItemType>
      <ItemName>בירה בירה 1664 בלאנ  330 מ"ל פחית</ItemName>
      <ManufacturerName>לא ידוע</ManufacturerName>
      <ManufactureCountry>צרפת</ManufactureCountry>
      <ManufacturerItemDescription>בירה בירה 1664 בלאנ </ManufacturerItemDescription>
      <UnitQty>מיליליטרים</UnitQty>
      <Quantity>330.00</Quantity>
      <bIsWeighted>0</bIsWeighted>
      <UnitOfMeasure>100 מ"ל</UnitOfMeasure>
      <QtyInPackage>1</QtyInPackage>
      <ItemPrice>12.00</ItemPrice>
      <UnitOfMeasurePrice>3.64</UnitOfMeasurePrice>
      <AllowDiscount>1</AllowDiscount>
      <ItemStatus>1</ItemStatus>
    </Item>
    <Item>
      <PriceUpdateDate>2025-07-25 23:01</PriceUpdateDate>
      <ItemCode>3083681181586</ItemCode>
      <ItemType>1</ItemType>
      <ItemName>שימורי תירס מתוק בלי סוכר בונדואל 300 גר</ItemName>
      <ManufacturerName>לא ידוע</ManufacturerName>
      <ManufactureCountry>FR</ManufactureCountry>
      <ManufacturerItemDescription>שימורי תירס מתוק בלי</ManufacturerItemDescription>
      <UnitQty>גרמים</UnitQty>
      <Quantity>300.00</Quantity>
      <bIsWeighted>0</bIsWeighted>
      <UnitOfMeasure>100 גרם</UnitOfMeasure>
      <QtyInPackage>1</QtyInPackage>
      <ItemPrice>9.50</ItemPrice>
      <UnitOfMeasurePrice>3.17</UnitOfMeasurePrice>
      <AllowDiscount>1</AllowDiscount>
      <ItemStatus>1</ItemStatus>
    </Item>
    <Item>
      <PriceUpdateDate>2025-03-25 06:57</PriceUpdateDate>
      <ItemCode>308910525744</ItemCode>
      <ItemType>1</ItemType>
      <ItemName>אטריות אורז דקות 454 גרם</ItemName>
      <ManufacturerName>לא ידוע</ManufacturerName>
      <ManufactureCountry>לא ידוע</ManufactureCountry>
      <ManufacturerItemDescription>אטריות אורז דקות 454</ManufacturerItemDescription>
      <UnitQty>גרמים</UnitQty>
      <Quantity>454.00</Quantity>
      <bIsWeighted>0</bIsWeighted>
      <UnitOfMeasure>100 גרם</UnitOfMeasure>
      <QtyInPackage>1</QtyInPackage>
      <ItemPrice>15.20</ItemPrice>
      <UnitOfMeasurePrice>3.35</UnitOfMeasurePrice>
      <AllowDiscount>1</AllowDiscount>
      <ItemStatus>1</ItemStatus>
    </Item>
    <Item>
      <PriceUpdateDate>2025-01-14 08:30</PriceUpdateDate>
      <ItemCode>3161911366429</ItemCode>
      <ItemType>1</ItemType>
      <ItemName>אלוויר חמאה רכה מלוחה 250 גר</ItemName>
      <ManufacturerName>לא ידוע</ManufacturerName>
      <ManufactureCountry>לא ידוע</ManufactureCountry>
      <ManufacturerItemDescription>אלוויר חמאה רכה מלוח</ManufacturerItemDescription>
      <UnitQty>גרמים</UnitQty>
      <Quantity>250.00</Quantity>
      <bIsWeighted>0</bIsWeighted>
      <UnitOfMeasure>100 גרם</UnitOfMeasure>
      <QtyInPackage>1</QtyInPackage>
      <ItemPrice>28.90</ItemPrice>
      <UnitOfMeasurePrice>11.56</UnitOfMeasurePrice>
      <AllowDiscount>1</AllowDiscount>
      <ItemStatus>1</ItemStatus>
    </Item>
    <Item>
      <PriceUpdateDate>2025-03-11 08:24</PriceUpdateDate>
      <ItemCode>3175460000017</ItemCode>
      <ItemType>1</ItemType>
      <ItemName>גבינת בורסאן שום ועשבי תיבול 150 גר</ItemName>
      <ManufacturerName>לא ידוע</ManufacturerName>
      <ManufactureCountry>לא ידוע</ManufactureCountry>
      <ManufacturerItemDescription>גבינת בורסאן שום 150</ManufacturerItemDescription>
      <UnitQty>גרמים</UnitQty>
      <Quantity>150.00</Quantity>
      <bIsWeighted>0</bIsWeighted>
      <UnitOfMeasure>100 גרם</UnitOfMeasure>
      <QtyInPackage>1</QtyInPackage>
      <ItemPrice>30.90</ItemPrice>
      <UnitOfMeasurePrice>20.60</UnitOfMeasurePrice>
      <AllowDiscount>1</AllowDiscount>
      <ItemStatus>1</ItemStatus>
    </Item>
    <Item>
      <PriceUpdateDate>2025-03-11 08:11</PriceUpdateDate>
      <ItemCode>3175460030083</ItemCode>
      <ItemType>1</ItemType>
      <ItemName>גבינת בורסאן בצל ועירית 150 גר</ItemName>
      <ManufacturerName>לא ידוע</ManufacturerName>
      <ManufactureCountry>לא ידוע</ManufactureCountry>
      <ManufacturerItemDescription>גבינת בורסאן בצל ועי</ManufacturerItemDescription>
      <UnitQty>גרמים</UnitQty>
      <Quantity>150.00</Quantity>
      <bIsWeighted>0</bIsWeighted>
      <UnitOfMeasure>100 גרם</UnitOfMeasure>
      <QtyInPackage>1</QtyInPackage>
      <ItemPrice>30.90</ItemPrice>
      <UnitOfMeasurePrice>20.60</UnitOfMeasurePrice>
      <AllowDiscount>1</AllowDiscount>
      <ItemStatus>1</ItemStatus>
    </Item>
    <Item>
      <PriceUpdateDate>2023-11-07 18:26</PriceUpdateDate>
      <ItemCode>3175520015906</ItemCode>
      <ItemType>1</ItemType>
      <ItemName>יין קסטל מאטיאק מלבק-קאהור 750 מ"ל</ItemName>
      <ManufacturerName>לא ידוע</ManufacturerName>
      <ManufactureCountry>FR</ManufactureCountry>
      <ManufacturerItemDescription>יין קסטל מאטיאק מלבק</ManufacturerItemDescription>
      <UnitQty>מיליליטרים</UnitQty>
      <Quantity>750.00</Quantity>
      <bIsWeighted>0</bIsWeighted>
      <UnitOfMeasure>100 מ"ל</UnitOfMeasure>
      <QtyInPackage>1</QtyInPackage>
      <ItemPrice>49.90</ItemPrice>
      <UnitOfMeasurePrice>6.65</UnitOfMeasurePrice>
      <AllowDiscount>1</AllowDiscount>
      <ItemStatus>1</ItemStatus>
    </Item>
    <Item>
      <PriceUpdateDate>2025-05-25 15:09</PriceUpdateDate>
      <ItemCode>3178530423662</ItemCode>
      <ItemType>1</ItemType>
      <ItemName>מיני מדליינס לימון סאן מישל 175 גרם</ItemName>
      <ManufacturerName>לא ידוע</ManufacturerName>
      <ManufactureCountry>צרפת</ManufactureCountry>
      <ManufacturerItemDescription>מיני מדליינס לימון ס</ManufacturerItemDescription>
      <UnitQty>גרמים</UnitQty>
      <Quantity>175.00</Quantity>
      <bIsWeighted>0</bIsWeighted>
      <UnitOfMeasure>100 גרם</UnitOfMeasure>
      <QtyInPackage>1</QtyInPackage>
      <ItemPrice>14.90</ItemPrice>
      <UnitOfMeasurePrice>8.51</UnitOfMeasurePrice>
      <AllowDiscount>1</AllowDiscount>
      <ItemStatus>1</ItemStatus>
    </Item>
    <Item>
      <PriceUpdateDate>2024-01-08 10:29</PriceUpdateDate>
      <ItemCode>3182280052577</ItemCode>
      <ItemType>1</ItemType>
      <ItemName>סיידר אקוסון רוזה 3% 750 מ"ל</ItemName>
      <ManufacturerName>לא ידוע</ManufacturerName>
      <ManufactureCountry>לא ידוע</ManufactureCountry>
      <ManufacturerItemDescription>אקוסון סיידר רוזה   </ManufacturerItemDescription>
      <UnitQty>מיליליטרים</UnitQty>
      <Quantity>750.00</Quantity>
      <bIsWeighted>0</bIsWeighted>
      <UnitOfMeasure>100 מ"ל</UnitOfMeasure>
      <QtyInPackage>1</QtyInPackage>
      <ItemPrice>23.90</ItemPrice>
      <UnitOfMeasurePrice>3.19</UnitOfMeasurePrice>
      <AllowDiscount>1</AllowDiscount>
      <ItemStatus>1</ItemStatus>
    </Item>
    <Item>
      <PriceUpdateDate>2024-01-08 10:31</PriceUpdateDate>
      <ItemCode>3182280110826</ItemCode>
      <ItemType>1</ItemType>
      <ItemName>אקוסון סיידר ברוט 750 מ"ל</ItemName>
      <ManufacturerName>לא ידוע</ManufacturerName>
      <ManufactureCountry>FR</ManufactureCountry>
      <ManufacturerItemDescription>אקוסון סיידר ברוט 75</ManufacturerItemDescription>
      <UnitQty>מיליליטרים</UnitQty>
      <Quantity>750.00</Quantity>
      <bIsWeighted>0</bIsWeighted>
      <UnitOfMeasure>100 מ"ל</UnitOfMeasure>
      <QtyInPackage>1</QtyInPackage>
      <ItemPrice>23.90</ItemPrice>
      <UnitOfMeasurePrice>3.19</UnitOfMeasurePrice>
      <AllowDiscount>1</AllowDiscount>
      <ItemStatus>1</ItemStatus>
    </Item>
    <Item>
      <PriceUpdateDate>2024-01-08 10:29</PriceUpdateDate>
      <ItemCode>3182280110833</ItemCode>
      <ItemType>1</ItemType>
      <ItemName>אקוסון סיידר מתוק 750 מ"ל</ItemName>
      <ManufacturerName>לא ידוע</ManufacturerName>
      <ManufactureCountry>FR</ManufactureCountry>
      <ManufacturerItemDescription>אקוסון סיידר מתוק 75</ManufacturerItemDescription>
      <UnitQty>מיליליטרים</UnitQty>
      <Quantity>750.00</Quantity>
      <bIsWeighted>0</bIsWeighted>
      <UnitOfMeasure>100 מ"ל</UnitOfMeasure>
      <QtyInPackage>1</QtyInPackage>
      <ItemPrice>23.90</ItemPrice>
      <UnitOfMeasurePrice>3.19</UnitOfMeasurePrice>
      <AllowDiscount>1</AllowDiscount>
      <ItemStatus>1</ItemStatus>
    </Item>
    <Item>
      <PriceUpdateDate>2025-07-14 11:23</PriceUpdateDate>
      <ItemCode>3184030003570</ItemCode>
      <ItemType>1</ItemType>
      <ItemName>גבינה קממברט 250 גר מנות</ItemName>
      <ManufacturerName>לא ידוע</ManufacturerName>
      <ManufactureCountry>לא ידוע</ManufactureCountry>
      <ManufacturerItemDescription>גבינה קממבר 250 גרם </ManufacturerItemDescription>
      <UnitQty>גרמים</UnitQty>
      <Quantity>250.00</Quantity>
      <bIsWeighted>0</bIsWeighted>
      <UnitOfMeasure>100 גרם</UnitOfMeasure>
      <QtyInPackage>1</QtyInPackage>
      <ItemPrice>56.90</ItemPrice>
      <UnitOfMeasurePrice>22.76</UnitOfMeasurePrice>
      <AllowDiscount>1</AllowDiscount>
      <ItemStatus>1</ItemStatus>
    </Item>
    <Item>
      <PriceUpdateDate>2024-08-27 16:51</PriceUpdateDate>
      <ItemCode>3211200000807</ItemCode>
      <ItemType>1</ItemType>
      <ItemName>מיזון קסטל ברוט קרמאנט דה בורדו 750 מל</ItemName>
      <ManufacturerName>לא ידוע</ManufacturerName>
      <ManufactureCountry>FR</ManufactureCountry>
      <ManufacturerItemDescription>מיזון קסטל ברוט קרמא</ManufacturerItemDescription>
      <UnitQty>Unknown</UnitQty>
      <Quantity>0.00</Quantity>
      <bIsWeighted>0</bIsWeighted>
      <UnitOfMeasure>Unknown</UnitOfMeasure>
      <QtyInPackage>1</QtyInPackage>
      <ItemPrice>79.90</ItemPrice>
      <UnitOfMeasurePrice>79.90</UnitOfMeasurePrice>
      <AllowDiscount>1</AllowDiscount>
      <ItemStatus>1</ItemStatus>
    </Item>
    <Item>
      <PriceUpdateDate>2024-07-17 08:33</PriceUpdateDate>
      <ItemCode>3211200008049</ItemCode>
      <ItemType>1</ItemType>
      <ItemName>יין לודאלט רוזה 750 מ"ל</ItemName>
      <ManufacturerName>לא ידוע</ManufacturerName>
      <ManufactureCountry>FR</ManufactureCountry>
      <ManufacturerItemDescription>יין לודאלט רוזה 750 </ManufacturerItemDescription>
      <UnitQty>מיליליטרים</UnitQty>
      <Quantity>750.00</Quantity>
      <bIsWeighted>0</bIsWeighted>
      <UnitOfMeasure>100 מ"ל</UnitOfMeasure>
      <QtyInPackage>1</QtyInPackage>
      <ItemPrice>54.90</ItemPrice>
      <UnitOfMeasurePrice>7.32</UnitOfMeasurePrice>
      <AllowDiscount>1</AllowDiscount>
      <ItemStatus>1</ItemStatus>
    </Item>
    <Item>
      <PriceUpdateDate>2025-01-15 10:18</PriceUpdateDate>
      <ItemCode>3211201046439</ItemCode>
      <ItemType>1</ItemType>
      <ItemName>מיזון קסטל קברנה סוביניון 750 מל</ItemName>
      <ManufacturerName>לא ידוע</ManufacturerName>
      <ManufactureCountry>לא ידוע</ManufactureCountry>
      <ManufacturerItemDescription>מיזון קסטל קברנה סוב</ManufacturerItemDescription>
      <UnitQty>Unknown</UnitQty>
      <Quantity>0.00</Quantity>
      <bIsWeighted>0</bIsWeighted>
      <UnitOfMeasure>Unknown</UnitOfMeasure>
      <QtyInPackage>1</QtyInPackage>
      <ItemPrice>49.90</ItemPrice>
      <UnitOfMeasurePrice>49.90</UnitOfMeasurePrice>
      <AllowDiscount>1</AllowDiscount>
      <ItemStatus>1</ItemStatus>
    </Item>
    <Item>
      <PriceUpdateDate>2025-01-15 10:18</PriceUpdateDate>
      <ItemCode>3211201046460</ItemCode>
      <ItemType>1</ItemType>
      <ItemName>מיזון קסטל מרלו  750 מ"ל</ItemName>
      <ManufacturerName>לא ידוע</ManufacturerName>
      <ManufactureCountry>לא ידוע</ManufactureCountry>
      <ManufacturerItemDescription>מיזון קסטל מרלו  750</ManufacturerItemDescription>
      <UnitQty>Unknown</UnitQty>
      <Quantity>0.00</Quantity>
      <bIsWeighted>0</bIsWeighted>
      <UnitOfMeasure>Unknown</UnitOfMeasure>
      <QtyInPackage>1</QtyInPackage>
      <ItemPrice>49.90</ItemPrice>
      <UnitOfMeasurePrice>49.90</UnitOfMeasurePrice>
      <AllowDiscount>1</AllowDiscount>
      <ItemStatus>1</ItemStatus>
    </Item>
    <Item>
      <PriceUpdateDate>2025-01-15 10:17</PriceUpdateDate>
      <ItemCode>3211201046521</ItemCode>
      <ItemType>1</ItemType>
      <ItemName>מיזון קסטל סוביניון בלאן 750 מל</ItemName>
      <ManufacturerName>לא ידוע</ManufacturerName>
      <ManufactureCountry>לא ידוע</ManufactureCountry>
      <ManufacturerItemDescription>מיזון קסטל סוביניון </ManufacturerItemDescription>
      <UnitQty>Unknown</UnitQty>
      <Quantity>0.00</Quantity>
      <bIsWeighted>0</bIsWeighted>
      <UnitOfMeasure>Unknown</UnitOfMeasure>
      <QtyInPackage>1</QtyInPackage>
      <ItemPrice>49.90</ItemPrice>
      <UnitOfMeasurePrice>49.90</UnitOfMeasurePrice>
      <AllowDiscount>1</AllowDiscount>
      <ItemStatus>1</ItemStatus>
    </Item>
    <Item>
      <PriceUpdateDate>2025-01-15 10:17</PriceUpdateDate>
      <ItemCode>3211201046613</ItemCode>
      <ItemType>1</ItemType>
      <ItemName>מיזון קסטל בורדו מרלו 750 מל</ItemName>
      <ManufacturerName>לא ידוע</ManufacturerName>
      <ManufactureCountry>לא ידוע</ManufactureCountry>
      <ManufacturerItemDescription>מיזון קסטל בורדו מרל</ManufacturerItemDescription>
      <UnitQty>Unknown</UnitQty>
      <Quantity>0.00</Quantity>
      <bIsWeighted>0</bIsWeighted>
      <UnitOfMeasure>Unknown</UnitOfMeasure>
      <QtyInPackage>1</QtyInPackage>
      <ItemPrice>59.90</ItemPrice>
      <UnitOfMeasurePrice>59.90</UnitOfMeasurePrice>
      <AllowDiscount>1</AllowDiscount>
      <ItemStatus>1</ItemStatus>
    </Item>
    <Item>
      <PriceUpdateDate>2025-01-15 10:18</PriceUpdateDate>
      <ItemCode>3211201046644</ItemCode>
      <ItemType>1</ItemType>
      <ItemName>קסטל קוט דו רון גראנש סירה 750 מ"ל</ItemName>
      <ManufacturerName>לא ידוע</ManufacturerName>
      <ManufactureCountry>לא ידוע</ManufactureCountry>
      <ManufacturerItemDescription>מיזון קסטל קוט דו רו</ManufacturerItemDescription>
      <UnitQty>Unknown</UnitQty>
      <Quantity>0.00</Quantity>
      <bIsWeighted>0</bIsWeighted>
      <UnitOfMeasure>Unknown</UnitOfMeasure>
      <QtyInPackage>1</QtyInPackage>
      <ItemPrice>59.90</ItemPrice>
      <UnitOfMeasurePrice>59.90</UnitOfMeasurePrice>
      <AllowDiscount>1</AllowDiscount>
      <ItemStatus>1</ItemStatus>
    </Item>
    <Item>
      <PriceUpdateDate>2025-01-15 10:18</PriceUpdateDate>
      <ItemCode>3211203429315</ItemCode>
      <ItemType>1</ItemType>
      <ItemName>ברון דה לסטאק בלאן בורדו 750 מל</ItemName>
      <ManufacturerName>לא ידוע</ManufacturerName>
      <ManufactureCountry>לא ידוע</ManufactureCountry>
      <ManufacturerItemDescription>ברון דה לסטאק בלאן  </ManufacturerItemDescription>
      <UnitQty>Unknown</UnitQty>
      <Quantity>0.00</Quantity>
      <bIsWeighted>0</bIsWeighted>
      <UnitOfMeasure>Unknown</UnitOfMeasure>
      <QtyInPackage>1</QtyInPackage>
      <ItemPrice>59.90</ItemPrice>
      <UnitOfMeasurePrice>59.90</UnitOfMeasurePrice>
      <AllowDiscount>1</AllowDiscount>
      <ItemStatus>1</ItemStatus>
    </Item>
    <Item>
      <PriceUpdateDate>2025-01-15 10:18</PriceUpdateDate>
      <ItemCode>3211203433220</ItemCode>
      <ItemType>1</ItemType>
      <ItemName>ברון דה לסטאק בורדו 750 מל</ItemName>
      <ManufacturerName>לא ידוע</ManufacturerName>
      <ManufactureCountry>לא ידוע</ManufactureCountry>
      <ManufacturerItemDescription>ברון דה לסטאק בורדו </ManufacturerItemDescription>
      <UnitQty>Unknown</UnitQty>
      <Quantity>0.00</Quantity>
      <bIsWeighted>0</bIsWeighted>
      <UnitOfMeasure>Unknown</UnitOfMeasure>
      <QtyInPackage>1</QtyInPackage>
      <ItemPrice>59.90</ItemPrice>
      <UnitOfMeasurePrice>59.90</UnitOfMeasurePrice>
      <AllowDiscount>1</AllowDiscount>
      <ItemStatus>1</ItemStatus>
    </Item>
    <Item>
      <PriceUpdateDate>2025-01-14 08:26</PriceUpdateDate>
      <ItemCode>3211203444103</ItemCode>
      <ItemType>1</ItemType>
      <ItemName>מיזון קסטל גרנד רזרב ק. סוביניון 750 מ</ItemName>
      <ManufacturerName>לא ידוע</ManufacturerName>
      <ManufactureCountry>לא ידוע</ManufactureCountry>
      <ManufacturerItemDescription>מיזון קסטל גרנד רזרב</ManufacturerItemDescription>
      <UnitQty>Unknown</UnitQty>
      <Quantity>0.00</Quantity>
      <bIsWeighted>0</bIsWeighted>
      <UnitOfMeasure>Unknown</UnitOfMeasure>
      <QtyInPackage>1</QtyInPackage>
      <ItemPrice>59.90</ItemPrice>
      <UnitOfMeasurePrice>59.90</UnitOfMeasurePrice>
      <AllowDiscount>1</AllowDiscount>
      <ItemStatus>1</ItemStatus>
    </Item>
    <Item>
      <PriceUpdateDate>2025-01-15 10:18</PriceUpdateDate>
      <ItemCode>3211203444141</ItemCode>
      <ItemType>1</ItemType>
      <ItemName>מיזון קסטל גרנד רזרב סירה 750 מל</ItemName>
      <ManufacturerName>לא ידוע</ManufacturerName>
      <ManufactureCountry>לא ידוע</ManufactureCountry>
      <ManufacturerItemDescription>מיזון קסטל גרנד רזרב</ManufacturerItemDescription>
      <UnitQty>Unknown</UnitQty>
      <Quantity>0.00</Quantity>
      <bIsWeighted>0</bIsWeighted>
      <UnitOfMeasure>Unknown</UnitOfMeasure>
      <QtyInPackage>1</QtyInPackage>
      <ItemPrice>59.90</ItemPrice>
      <UnitOfMeasurePrice>59.90</UnitOfMeasurePrice>
      <AllowDiscount>1</AllowDiscount>
      <ItemStatus>1</ItemStatus>
    </Item>
    <Item>
      <PriceUpdateDate>2024-07-17 08:36</PriceUpdateDate>
      <ItemCode>3211203448347</ItemCode>
      <ItemType>1</ItemType>
      <ItemName>שאטו דו לורט בורדו 750 מל</ItemName>
      <ManufacturerName>לא ידוע</ManufacturerName>
      <ManufactureCountry>לא ידוע</ManufactureCountry>
      <ManufacturerItemDescription>שאטו דו לורט בורדו  </ManufacturerItemDescription>
      <UnitQty>Unknown</UnitQty>
      <Quantity>0.00</Quantity>
      <bIsWeighted>0</bIsWeighted>
      <UnitOfMeasure>Unknown</UnitOfMeasure>
      <QtyInPackage>1</QtyInPackage>
      <ItemPrice>73.90</ItemPrice>
      <UnitOfMeasurePrice>73.90</UnitOfMeasurePrice>
      <AllowDiscount>1</AllowDiscount>
      <ItemStatus>1</ItemStatus>
    </Item>
    <Item>
      <PriceUpdateDate>2025-07-14 11:21</PriceUpdateDate>
      <ItemCode>3211209117964</ItemCode>
      <ItemType>1</ItemType>
      <ItemName>מיזון קסטל קוט דה פרובנס רוזה 750 מ"ל</ItemName>
      <ManufacturerName>לא ידוע</ManufacturerName>
      <ManufactureCountry>לא ידוע</ManufactureCountry>
      <ManufacturerItemDescription>מיזון קסטל קוט דה פר</ManufacturerItemDescription>
      <UnitQty>Unknown</UnitQty>
      <Quantity>0.00</Quantity>
      <bIsWeighted>0</bIsWeighted>
      <UnitOfMeasure>Unknown</UnitOfMeasure>
      <QtyInPackage>1</QtyInPackage>
      <ItemPrice>64.90</ItemPrice>
      <UnitOfMeasurePrice>64.90</UnitOfMeasurePrice>
      <AllowDiscount>1</AllowDiscount>
      <ItemStatus>1</ItemStatus>
    </Item>
    <Item>
      <PriceUpdateDate>2025-01-15 10:17</PriceUpdateDate>
      <ItemCode>3211209118039</ItemCode>
      <ItemType>1</ItemType>
      <ItemName>יין מיזון קסטל לנגדוק 750 מל</ItemName>
      <ManufacturerName>לא ידוע</ManufacturerName>
      <ManufactureCountry>לא ידוע</ManufactureCountry>
      <ManufacturerItemDescription>יין מיזון קסטל לנגדו</ManufacturerItemDescription>
      <UnitQty>Unknown</UnitQty>
      <Quantity>0.00</Quantity>
      <bIsWeighted>0</bIsWeighted>
      <UnitOfMeasure>Unknown</UnitOfMeasure>
      <QtyInPackage>1</QtyInPackage>
      <ItemPrice>59.90</ItemPrice>
      <UnitOfMeasurePrice>59.90</UnitOfMeasurePrice>
      <AllowDiscount>1</AllowDiscount>
      <ItemStatus>1</ItemStatus>
    </Item>
    <Item>
      <PriceUpdateDate>2024-06-22 17:45</PriceUpdateDate>
      <ItemCode>3211209133452</ItemCode>
      <ItemType>1</ItemType>
      <ItemName>שאטו בארייר קרו בורזואה הו מדוק 750 מל</ItemName>
      <ManufacturerName>לא ידוע</ManufacturerName>
      <ManufactureCountry>לא ידוע</ManufactureCountry>
      <ManufacturerItemDescription>שאטו בארייר קרו     </ManufacturerItemDescription>
      <UnitQty>Unknown</UnitQty>
      <Quantity>0.00</Quantity>
      <bIsWeighted>0</bIsWeighted>
      <UnitOfMeasure>Unknown</UnitOfMeasure>
      <QtyInPackage>1</QtyInPackage>
      <ItemPrice>120.90</ItemPrice>
      <UnitOfMeasurePrice>120.90</UnitOfMeasurePrice>
      <AllowDiscount>1</AllowDiscount>
      <ItemStatus>1</ItemStatus>
    </Item>
    <Item>
      <PriceUpdateDate>2024-06-22 21:18</PriceUpdateDate>
      <ItemCode>3211209133544</ItemCode>
      <ItemType>1</ItemType>
      <ItemName>יין שאטו גואלן 750 מ"ל</ItemName>
      <ManufacturerName>לא ידוע</ManufacturerName>
      <ManufactureCountry>FR</ManufactureCountry>
      <ManufacturerItemDescription>יין שאטו גואלן 750 מ</ManufacturerItemDescription>
      <UnitQty>מיליליטרים</UnitQty>
      <Quantity>750.00</Quantity>
      <bIsWeighted>0</bIsWeighted>
      <UnitOfMeasure>100 מ"ל</UnitOfMeasure>
      <QtyInPackage>1</QtyInPackage>
      <ItemPrice>79.90</ItemPrice>
      <UnitOfMeasurePrice>10.65</UnitOfMeasurePrice>
      <AllowDiscount>1</AllowDiscount>
      <ItemStatus>1</ItemStatus>
    </Item>
    <Item>
      <PriceUpdateDate>2024-06-22 17:34</PriceUpdateDate>
      <ItemCode>3211209133698</ItemCode>
      <ItemType>1</ItemType>
      <ItemName>שאטו טור פרינאק קרו ברזואה מדוק 750 מל</ItemName>
      <ManufacturerName>לא ידוע</ManufacturerName>
      <ManufactureCountry>לא ידוע</ManufactureCountry>
      <ManufacturerItemDescription>שאטו טור פרינאק     </ManufacturerItemDescription>
      <UnitQty>Unknown</UnitQty>
      <Quantity>0.00</Quantity>
      <bIsWeighted>0</bIsWeighted>
      <UnitOfMeasure>Unknown</UnitOfMeasure>
      <QtyInPackage>1</QtyInPackage>
      <ItemPrice>101.90</ItemPrice>
      <UnitOfMeasurePrice>101.90</UnitOfMeasurePrice>
      <AllowDiscount>1</AllowDiscount>
      <ItemStatus>1</ItemStatus>
    </Item>
    <Item>
      <PriceUpdateDate>2025-01-14 08:27</PriceUpdateDate>
      <ItemCode>3211209136347</ItemCode>
      <ItemType>1</ItemType>
      <ItemName>שאטו לאטור קומבלאנה קוט דה בורדו 750 מל</ItemName>
      <ManufacturerName>לא ידוע</ManufacturerName>
      <ManufactureCountry>לא ידוע</ManufactureCountry>
      <ManufacturerItemDescription>שאטו לאטור קומבלאנה </ManufacturerItemDescription>
      <UnitQty>Unknown</UnitQty>
      <Quantity>0.00</Quantity>
      <bIsWeighted>0</bIsWeighted>
      <UnitOfMeasure>Unknown</UnitOfMeasure>
      <QtyInPackage>1</QtyInPackage>
      <ItemPrice>89.90</ItemPrice>
      <UnitOfMeasurePrice>89.90</UnitOfMeasurePrice>
      <AllowDiscount>1</AllowDiscount>
      <ItemStatus>1</ItemStatus>
    </Item>
    <Item>
      <PriceUpdateDate>2025-01-15 10:18</PriceUpdateDate>
      <ItemCode>3211209149897</ItemCode>
      <ItemType>1</ItemType>
      <ItemName>יין ברון דה לסטאק רוזה בורדו 750 מל</ItemName>
      <ManufacturerName>לא ידוע</ManufacturerName>
      <ManufactureCountry>לא ידוע</ManufactureCountry>
      <ManufacturerItemDescription>יין ברון דה לסטאק רו</ManufacturerItemDescription>
      <UnitQty>Unknown</UnitQty>
      <Quantity>0.00</Quantity>
      <bIsWeighted>0</bIsWeighted>
      <UnitOfMeasure>Unknown</UnitOfMeasure>
      <QtyInPackage>1</QtyInPackage>
      <ItemPrice>59.90</ItemPrice>
      <UnitOfMeasurePrice>59.90</UnitOfMeasurePrice>
      <AllowDiscount>1</AllowDiscount>
      <ItemStatus>1</ItemStatus>
    </Item>
    <Item>
      <PriceUpdateDate>2025-01-15 10:18</PriceUpdateDate>
      <ItemCode>3211209217602</ItemCode>
      <ItemType>1</ItemType>
      <ItemName>מיזון רוזה דאנזו חצי מתוק 750 מל</ItemName>
      <ManufacturerName>לא ידוע</ManufacturerName>
      <ManufactureCountry>לא ידוע</ManufactureCountry>
      <ManufacturerItemDescription>מיזון רוזה דאנזו חצי</ManufacturerItemDescription>
      <UnitQty>Unknown</UnitQty>
      <Quantity>0.00</Quantity>
      <bIsWeighted>0</bIsWeighted>
      <UnitOfMeasure>Unknown</UnitOfMeasure>
      <QtyInPackage>1</QtyInPackage>
      <ItemPrice>59.90</ItemPrice>
      <UnitOfMeasurePrice>59.90</UnitOfMeasurePrice>
      <AllowDiscount>1</AllowDiscount>
      <ItemStatus>1</ItemStatus>
    </Item>
    <Item>
      <PriceUpdateDate>2025-01-15 10:17</PriceUpdateDate>
      <ItemCode>3211209265900</ItemCode>
      <ItemType>1</ItemType>
      <ItemName>יין פמלי קסטל ברוט מבעבע 750 מ"ל</ItemName>
      <ManufacturerName>לא ידוע</ManufacturerName>
      <ManufactureCountry>לא ידוע</ManufactureCountry>
      <ManufacturerItemDescription>יין מיזון קסטל ברוט </ManufacturerItemDescription>
      <UnitQty>Unknown</UnitQty>
      <Quantity>0.00</Quantity>
      <bIsWeighted>0</bIsWeighted>
      <UnitOfMeasure>Unknown</UnitOfMeasure>
      <QtyInPackage>1</QtyInPackage>
      <ItemPrice>59.90</ItemPrice>
      <UnitOfMeasurePrice>59.90</UnitOfMeasurePrice>
      <AllowDiscount>1</AllowDiscount>
      <ItemStatus>1</ItemStatus>
    </Item>
    <Item>
      <PriceUpdateDate>2025-01-15 10:18</PriceUpdateDate>
      <ItemCode>3211209267126</ItemCode>
      <ItemType>1</ItemType>
      <ItemName>מיזון קסטל גוורצטרמינר 750 מל</ItemName>
      <ManufacturerName>לא ידוע</ManufacturerName>
      <ManufactureCountry>לא ידוע</ManufactureCountry>
      <ManufacturerItemDescription>מיזון קסטל גוורצטרמי</ManufacturerItemDescription>
      <UnitQty>Unknown</UnitQty>
      <Quantity>0.00</Quantity>
      <bIsWeighted>0</bIsWeighted>
      <UnitOfMeasure>Unknown</UnitOfMeasure>
      <QtyInPackage>1</QtyInPackage>
      <ItemPrice>49.90</ItemPrice>
      <UnitOfMeasurePrice>49.90</UnitOfMeasurePrice>
      <AllowDiscount>1</AllowDiscount>
      <ItemStatus>1</ItemStatus>
    </Item>
    <Item>
      <PriceUpdateDate>2025-01-15 10:18</PriceUpdateDate>
      <ItemCode>3211209719342</ItemCode>
      <ItemType>1</ItemType>
      <ItemName>שאטו דו בוסקה קוט דה בורג 750 מל</ItemName>
      <ManufacturerName>לא ידוע</ManufacturerName>
      <ManufactureCountry>לא ידוע</ManufactureCountry>
      <ManufacturerItemDescription>שאטו דו בוסקה קוט דה</ManufacturerItemDescription>
      <UnitQty>Unknown</UnitQty>
      <Quantity>0.00</Quantity>
      <bIsWeighted>0</bIsWeighted>
      <UnitOfMeasure>Unknown</UnitOfMeasure>
      <QtyInPackage>1</QtyInPackage>
      <ItemPrice>94.90</ItemPrice>
      <UnitOfMeasurePrice>94.90</UnitOfMeasurePrice>
      <AllowDiscount>1</AllowDiscount>
      <ItemStatus>1</ItemStatus>
    </Item>
    <Item>
      <PriceUpdateDate>2025-01-15 10:17</PriceUpdateDate>
      <ItemCode>3211209991793</ItemCode>
      <ItemType>1</ItemType>
      <ItemName>ברון דה לסטק בורדו מואל לבן חצי מתוק 750</ItemName>
      <ManufacturerName>לא ידוע</ManufacturerName>
      <ManufactureCountry>לא ידוע</ManufactureCountry>
      <ManufacturerItemDescription>ברון דה לסטק בורדו מ</ManufacturerItemDescription>
      <UnitQty>Unknown</UnitQty>
      <Quantity>0.00</Quantity>
      <bIsWeighted>0</bIsWeighted>
      <UnitOfMeasure>Unknown</UnitOfMeasure>
      <QtyInPackage>1</QtyInPackage>
      <ItemPrice>59.90</ItemPrice>
      <UnitOfMeasurePrice>59.90</UnitOfMeasurePrice>
      <AllowDiscount>1</AllowDiscount>
      <ItemStatus>1</ItemStatus>
    </Item>
    <Item>
      <PriceUpdateDate>2025-01-15 10:17</PriceUpdateDate>
      <ItemCode>3211209999553</ItemCode>
      <ItemType>1</ItemType>
      <ItemName>יין לאודלה קברנה סוביניון 750 מ"ל</ItemName>
      <ManufacturerName>לא ידוע</ManufacturerName>
      <ManufactureCountry>FR</ManufactureCountry>
      <ManufacturerItemDescription>יין לאודלה קברנה סוב</ManufacturerItemDescription>
      <UnitQty>מיליליטרים</UnitQty>
      <Quantity>750.00</Quantity>
      <bIsWeighted>0</bIsWeighted>
      <UnitOfMeasure>100 מ"ל</UnitOfMeasure>
      <QtyInPackage>1</QtyInPackage>
      <ItemPrice>49.90</ItemPrice>
      <UnitOfMeasurePrice>6.65</UnitOfMeasurePrice>
      <AllowDiscount>1</AllowDiscount>
      <ItemStatus>1</ItemStatus>
    </Item>
    <Item>
      <PriceUpdateDate>2025-05-23 08:10</PriceUpdateDate>
      <ItemCode>3256760106392</ItemCode>
      <ItemType>1</ItemType>
      <ItemName>חמאה צרפתית 100 גר פלשארד</ItemName>
      <ManufacturerName>לא ידוע</ManufacturerName>
      <ManufactureCountry>FR</ManufactureCountry>
      <ManufacturerItemDescription>חמאה צרפתית 100 גרם </ManufacturerItemDescription>
      <UnitQty>גרמים</UnitQty>
      <Quantity>100.00</Quantity>
      <bIsWeighted>0</bIsWeighted>
      <UnitOfMeasure>100 גרם</UnitOfMeasure>
      <QtyInPackage>1</QtyInPackage>
      <ItemPrice>11.90</ItemPrice>
      <UnitOfMeasurePrice>11.90</UnitOfMeasurePrice>
      <AllowDiscount>1</AllowDiscount>
      <ItemStatus>1</ItemStatus>
    </Item>
    <Item>
      <PriceUpdateDate>2025-07-13 09:40</PriceUpdateDate>
      <ItemCode>3256760106408</ItemCode>
      <ItemType>1</ItemType>
      <ItemName>פלשארד בסגנון פטה 500 גר</ItemName>
      <ManufacturerName>לא ידוע</ManufacturerName>
      <ManufactureCountry>לא ידוע</ManufactureCountry>
      <ManufacturerItemDescription>פלשארד בסגנון פטה 50</ManufacturerItemDescription>
      <UnitQty>גרמים</UnitQty>
      <Quantity>500.00</Quantity>
      <bIsWeighted>0</bIsWeighted>
      <UnitOfMeasure>100 גרם</UnitOfMeasure>
      <QtyInPackage>1</QtyInPackage>
      <ItemPrice>16.90</ItemPrice>
      <UnitOfMeasurePrice>3.38</UnitOfMeasurePrice>
      <AllowDiscount>1</AllowDiscount>
      <ItemStatus>1</ItemStatus>
    </Item>
    <Item>
      <PriceUpdateDate>2025-07-14 11:23</PriceUpdateDate>
      <ItemCode>3256761201003</ItemCode>
      <ItemType>1</ItemType>
      <ItemName>פלשארד בסגנון פטה מעודנת 500 גר קרטונית</ItemName>
      <ManufacturerName>לא ידוע</ManufacturerName>
      <ManufactureCountry>לא ידוע</ManufactureCountry>
      <ManufacturerItemDescription>פלשארד בסגנון פטה מע</ManufacturerItemDescription>
      <UnitQty>גרמים</UnitQty>
      <Quantity>500.00</Quantity>
      <bIsWeighted>0</bIsWeighted>
      <UnitOfMeasure>100 גרם</UnitOfMeasure>
      <QtyInPackage>1</QtyInPackage>
      <ItemPrice>16.90</ItemPrice>
      <UnitOfMeasurePrice>3.38</UnitOfMeasurePrice>
      <AllowDiscount>1</AllowDiscount>
      <ItemStatus>1</ItemStatus>
    </Item>
    <Item>
      <PriceUpdateDate>2023-12-04 13:34</PriceUpdateDate>
      <ItemCode>3257150101119</ItemCode>
      <ItemType>1</ItemType>
      <ItemName>מארז קוניאק מיוקוב 5 כוכבים 700 מ"ל</ItemName>
      <ManufacturerName>לא ידוע</ManufacturerName>
      <ManufactureCountry>לא ידוע</ManufactureCountry>
      <ManufacturerItemDescription>מארז קוניאק מיוקוב 5</ManufacturerItemDescription>
      <UnitQty>מיליליטרים</UnitQty>
      <Quantity>700.00</Quantity>
      <bIsWeighted>0</bIsWeighted>
      <UnitOfMeasure>100 מ"ל</UnitOfMeasure>
      <QtyInPackage>1</QtyInPackage>
      <ItemPrice>139.90</ItemPrice>
      <UnitOfMeasurePrice>19.99</UnitOfMeasurePrice>
      <AllowDiscount>1</AllowDiscount>
      <ItemStatus>1</ItemStatus>
    </Item>
    <Item>
      <PriceUpdateDate>2024-06-22 17:16</PriceUpdateDate>
      <ItemCode>3263280107310</ItemCode>
      <ItemType>1</ItemType>
      <ItemName>קוארפו פינה קולדה 700 מ"ל</ItemName>
      <ManufacturerName>לא ידוע</ManufacturerName>
      <ManufactureCountry>לא ידוע</ManufactureCountry>
      <ManufacturerItemDescription>קוארפו פינה קולדה  7</ManufacturerItemDescription>
      <UnitQty>מיליליטרים</UnitQty>
      <Quantity>700.00</Quantity>
      <bIsWeighted>0</bIsWeighted>
      <UnitOfMeasure>100 מ"ל</UnitOfMeasure>
      <QtyInPackage>1</QtyInPackage>
      <ItemPrice>76.90</ItemPrice>
      <UnitOfMeasurePrice>10.99</UnitOfMeasurePrice>
      <AllowDiscount>1</AllowDiscount>
      <ItemStatus>1</ItemStatus>
    </Item>
    <Item>
      <PriceUpdateDate>2022-09-27 08:32</PriceUpdateDate>
      <ItemCode>3270620001757</ItemCode>
      <ItemType>1</ItemType>
      <ItemName>קוניאק VS לואי רוייה 700 מ"ל</ItemName>
      <ManufacturerName>לא ידוע</ManufacturerName>
      <ManufactureCountry>לא ידוע</ManufactureCountry>
      <ManufacturerItemDescription>קוניאק VS לואי רוייה</ManufacturerItemDescription>
      <UnitQty>מיליליטרים</UnitQty>
      <Quantity>700.00</Quantity>
      <bIsWeighted>0</bIsWeighted>
      <UnitOfMeasure>100 מ"ל</UnitOfMeasure>
      <QtyInPackage>1</QtyInPackage>
      <ItemPrice>159.90</ItemPrice>
      <UnitOfMeasurePrice>22.84</UnitOfMeasurePrice>
      <AllowDiscount>1</AllowDiscount>
      <ItemStatus>1</ItemStatus>
    </Item>
    <Item>
      <PriceUpdateDate>2024-07-17 08:34</PriceUpdateDate>
      <ItemCode>3276210810105</ItemCode>
      <ItemType>1</ItemType>
      <ItemName>יין לה פטיט פרייר סוביניון בלאן 750 מל</ItemName>
      <ManufacturerName>לא ידוע</ManufacturerName>
      <ManufactureCountry>לא ידוע</ManufactureCountry>
      <ManufacturerItemDescription>יין לה פטיט פרייר סו</ManufacturerItemDescription>
      <UnitQty>Unknown</UnitQty>
      <Quantity>0.00</Quantity>
      <bIsWeighted>0</bIsWeighted>
      <UnitOfMeasure>Unknown</UnitOfMeasure>
      <QtyInPackage>1</QtyInPackage>
      <ItemPrice>57.90</ItemPrice>
      <UnitOfMeasurePrice>57.90</UnitOfMeasurePrice>
      <AllowDiscount>1</AllowDiscount>
      <ItemStatus>1</ItemStatus>
    </Item>
    <Item>
      <PriceUpdateDate>2024-07-17 08:35</PriceUpdateDate>
      <ItemCode>3276210811102</ItemCode>
      <ItemType>1</ItemType>
      <ItemName>יין אדום יבש פינו נואר 750 מל</ItemName>
      <ManufacturerName>לא ידוע</ManufacturerName>
      <ManufactureCountry>לא ידוע</ManufactureCountry>
      <ManufacturerItemDescription>יין לה פטיט פרייר יב</ManufacturerItemDescription>
      <UnitQty>Unknown</UnitQty>
      <Quantity>0.00</Quantity>
      <bIsWeighted>0</bIsWeighted>
      <UnitOfMeasure>Unknown</UnitOfMeasure>
      <QtyInPackage>1</QtyInPackage>
      <ItemPrice>57.90</ItemPrice>
      <UnitOfMeasurePrice>57.90</UnitOfMeasurePrice>
      <AllowDiscount>1</AllowDiscount>
      <ItemStatus>1</ItemStatus>
    </Item>
    <Item>
      <PriceUpdateDate>2024-07-17 08:32</PriceUpdateDate>
      <ItemCode>3276210812109</ItemCode>
      <ItemType>1</ItemType>
      <ItemName>יין לה פטיט פרייר פינו נואר רוזה 750 מל</ItemName>
      <ManufacturerName>לא ידוע</ManufacturerName>
      <ManufactureCountry>לא ידוע</ManufactureCountry>
      <ManufacturerItemDescription>יין לה פטיט פרייר פי</ManufacturerItemDescription>
      <UnitQty>Unknown</UnitQty>
      <Quantity>0.00</Quantity>
      <bIsWeighted>0</bIsWeighted>
      <UnitOfMeasure>Unknown</UnitOfMeasure>
      <QtyInPackage>1</QtyInPackage>
      <ItemPrice>57.90</ItemPrice>
      <UnitOfMeasurePrice>57.90</UnitOfMeasurePrice>
      <AllowDiscount>1</AllowDiscount>
      <ItemStatus>1</ItemStatus>
    </Item>
    <Item>
      <PriceUpdateDate>2024-12-02 15:27</PriceUpdateDate>
      <ItemCode>3335121604934</ItemCode>
      <ItemType>1</ItemType>
      <ItemName>חרדל דיגון 370 גרם (חלק)</ItemName>
      <ManufacturerName>לא ידוע</ManufacturerName>
      <ManufactureCountry>לא ידוע</ManufactureCountry>
      <ManufacturerItemDescription>חרדל דיגון 370 גרם (</ManufacturerItemDescription>
      <UnitQty>גרמים</UnitQty>
      <Quantity>370.00</Quantity>
      <bIsWeighted>0</bIsWeighted>
      <UnitOfMeasure>100 גרם</UnitOfMeasure>
      <QtyInPackage>1</QtyInPackage>
      <ItemPrice>14.50</ItemPrice>
      <UnitOfMeasurePrice>3.92</UnitOfMeasurePrice>
      <AllowDiscount>1</AllowDiscount>
      <ItemStatus>1</ItemStatus>
    </Item>
    <Item>
      <PriceUpdateDate>2025-11-28 15:32</PriceUpdateDate>
      <ItemCode>3345724</ItemCode>
      <ItemType>1</ItemType>
      <ItemName>שוקיים עוף בלי עור</ItemName>
      <ManufacturerName>לא ידוע</ManufacturerName>
      <ManufactureCountry>לא ידוע</ManufactureCountry>
      <ManufacturerItemDescription>שוקיים עוף בלי עור  </ManufacturerItemDescription>
      <UnitQty>Unknown</UnitQty>
      <Quantity>0.00</Quantity>
      <bIsWeighted>1</bIsWeighted>
      <UnitOfMeasure>ק"ג</UnitOfMeasure>
      <QtyInPackage>0</QtyInPackage>
      <ItemPrice>37.90</ItemPrice>
      <UnitOfMeasurePrice>37.90</UnitOfMeasurePrice>
      <AllowDiscount>1</AllowDiscount>
      <ItemStatus>1</ItemStatus>
    </Item>
    <Item>
      <PriceUpdateDate>2025-11-28 15:32</PriceUpdateDate>
      <ItemCode>3345731</ItemCode>
      <ItemType>1</ItemType>
      <ItemName>כרעיים ללא עור ושומן</ItemName>
      <ManufacturerName>לא ידוע</ManufacturerName>
      <ManufactureCountry>לא ידוע</ManufactureCountry>
      <ManufacturerItemDescription>כרעיים ללא עור ושומן</ManufacturerItemDescription>
      <UnitQty>Unknown</UnitQty>
      <Quantity>0.00</Quantity>
      <bIsWeighted>1</bIsWeighted>
      <UnitOfMeasure>ק"ג</UnitOfMeasure>
      <QtyInPackage>0</QtyInPackage>
      <ItemPrice>31.90</ItemPrice>
      <UnitOfMeasurePrice>31.90</UnitOfMeasurePrice>
      <AllowDiscount>1</AllowDiscount>
      <ItemStatus>1</ItemStatus>
    </Item>
    <Item>
      <PriceUpdateDate>2021-01-20 21:12</PriceUpdateDate>
      <ItemCode>3355235</ItemCode>
      <ItemType>1</ItemType>
      <ItemName>מכסה הצלע ללא אנטיביוטיקה טרי</ItemName>
      <ManufacturerName>לא ידוע</ManufacturerName>
      <ManufactureCountry />
      <ManufacturerItemDescription>מכסה הצלע ללא אנטיבי</ManufacturerItemDescription>
      <UnitQty>Unknown</UnitQty>
      <Quantity>0.00</Quantity>
      <bIsWeighted>1</bIsWeighted>
      <UnitOfMeasure>ק"ג</UnitOfMeasure>
      <QtyInPackage>0</QtyInPackage>
      <ItemPrice>69.90</ItemPrice>
      <UnitOfMeasurePrice>69.90</UnitOfMeasurePrice>
      <AllowDiscount>1</AllowDiscount>
      <ItemStatus>1</ItemStatus>
    </Item>
    <Item>
      <PriceUpdateDate>2025-10-03 12:37</PriceUpdateDate>
      <ItemCode>34000432905</ItemCode>
      <ItemType>1</ItemType>
      <ItemName>חטיף ריסז מיניאטורס בטעם שוקולד 131 גר</ItemName>
      <ManufacturerName>לא ידוע</ManufacturerName>
      <ManufactureCountry>ארה"ב</ManufactureCountry>
      <ManufacturerItemDescription>חטיף ריסז מיניאטורס </ManufacturerItemDescription>
      <UnitQty>גרמים</UnitQty>
      <Quantity>131.00</Quantity>
      <bIsWeighted>0</bIsWeighted>
      <UnitOfMeasure>100 גרם</UnitOfMeasure>
      <QtyInPackage>1</QtyInPackage>
      <ItemPrice>17.90</ItemPrice>
      <UnitOfMeasurePrice>13.66</UnitOfMeasurePrice>
      <AllowDiscount>1</AllowDiscount>
      <ItemStatus>1</ItemStatus>
    </Item>
    <Item>
      <PriceUpdateDate>2025-10-06 08:06</PriceUpdateDate>
      <ItemCode>34000470228</ItemCode>
      <ItemType>1</ItemType>
      <ItemName>חטיף ריזס מיניס 70 גרם</ItemName>
      <ManufacturerName>לא ידוע</ManufacturerName>
      <ManufactureCountry>לא ידוע</ManufactureCountry>
      <ManufacturerItemDescription>חטיף ריזס מיניס 70 ג</ManufacturerItemDescription>
      <UnitQty>גרמים</UnitQty>
      <Quantity>70.00</Quantity>
      <bIsWeighted>0</bIsWeighted>
      <UnitOfMeasure>100 גרם</UnitOfMeasure>
      <QtyInPackage>1</QtyInPackage>
      <ItemPrice>11.90</ItemPrice>
      <UnitOfMeasurePrice>17.00</UnitOfMeasurePrice>
      <AllowDiscount>1</AllowDiscount>
      <ItemStatus>1</ItemStatus>
    </Item>
    <Item>
      <PriceUpdateDate>2025-10-06 08:06</PriceUpdateDate>
      <ItemCode>34000470563</ItemCode>
      <ItemType>1</ItemType>
      <ItemName>ריסז מיניס 215 גר</ItemName>
      <ManufacturerName>לא ידוע</ManufacturerName>
      <ManufactureCountry>ארה"ב</ManufactureCountry>
      <ManufacturerItemDescription>ריסז מיניס 215 גר   </ManufacturerItemDescription>
      <UnitQty>גרמים</UnitQty>
      <Quantity>215.00</Quantity>
      <bIsWeighted>0</bIsWeighted>
      <UnitOfMeasure>100 גרם</UnitOfMeasure>
      <QtyInPackage>1</QtyInPackage>
      <ItemPrice>33.90</ItemPrice>
      <UnitOfMeasurePrice>15.77</UnitOfMeasurePrice>
      <AllowDiscount>1</AllowDiscount>
      <ItemStatus>1</ItemStatus>
    </Item>
    <Item>
      <PriceUpdateDate>2025-07-14 11:23</PriceUpdateDate>
      <ItemCode>3412290023640</ItemCode>
      <ItemType>1</ItemType>
      <ItemName>אמנטל צרפתי ארוז 250 גר</ItemName>
      <ManufacturerName>לא ידוע</ManufacturerName>
      <ManufactureCountry>לא ידוע</ManufactureCountry>
      <ManufacturerItemDescription>אמנטל צרפתי ארוז 250</ManufacturerItemDescription>
      <UnitQty>גרמים</UnitQty>
      <Quantity>250.00</Quantity>
      <bIsWeighted>0</bIsWeighted>
      <UnitOfMeasure>100 גרם</UnitOfMeasure>
      <QtyInPackage>1</QtyInPackage>
      <ItemPrice>39.90</ItemPrice>
      <UnitOfMeasurePrice>15.96</UnitOfMeasurePrice>
      <AllowDiscount>1</AllowDiscount>
      <ItemStatus>1</ItemStatus>
    </Item>
    <Item>
      <PriceUpdateDate>2025-07-14 11:23</PriceUpdateDate>
      <ItemCode>3412290055610</ItemCode>
      <ItemType>1</ItemType>
      <ItemName>ברי צרפתי Laita 200 גרם</ItemName>
      <ManufacturerName>לא ידוע</ManufacturerName>
      <ManufactureCountry>FR</ManufactureCountry>
      <ManufacturerItemDescription>ברי צרפתי 200 גרם   </ManufacturerItemDescription>
      <UnitQty>גרמים</UnitQty>
      <Quantity>200.00</Quantity>
      <bIsWeighted>0</bIsWeighted>
      <UnitOfMeasure>100 גרם</UnitOfMeasure>
      <QtyInPackage>1</QtyInPackage>
      <ItemPrice>36.90</ItemPrice>
      <UnitOfMeasurePrice>18.45</UnitOfMeasurePrice>
      <AllowDiscount>1</AllowDiscount>
      <ItemStatus>1</ItemStatus>
    </Item>
    <Item>
      <PriceUpdateDate>2024-07-07 17:49</PriceUpdateDate>
      <ItemCode>3451271002809</ItemCode>
      <ItemType>1</ItemType>
      <ItemName>יין אלן זופרואה שאבלי 750 מ"ל</ItemName>
      <ManufacturerName>לא ידוע</ManufacturerName>
      <ManufactureCountry>לא ידוע</ManufactureCountry>
      <ManufacturerItemDescription>אלן זופרואה שאבלי   </ManufacturerItemDescription>
      <UnitQty>Unknown</UnitQty>
      <Quantity>0.00</Quantity>
      <bIsWeighted>0</bIsWeighted>
      <UnitOfMeasure>Unknown</UnitOfMeasure>
      <QtyInPackage>1</QtyInPackage>
      <ItemPrice>109.90</ItemPrice>
      <UnitOfMeasurePrice>109.90</UnitOfMeasurePrice>
      <AllowDiscount>1</AllowDiscount>
      <ItemStatus>1</ItemStatus>
    </Item>
    <Item>
      <PriceUpdateDate>2025-01-15 10:18</PriceUpdateDate>
      <ItemCode>3451276001012</ItemCode>
      <ItemType>1</ItemType>
      <ItemName>יין גופרואה פטיט שאבלי 750 מ"ל</ItemName>
      <ManufacturerName>לא ידוע</ManufacturerName>
      <ManufactureCountry>FR</ManufactureCountry>
      <ManufacturerItemDescription>יין גופרואה פטיט שאב</ManufacturerItemDescription>
      <UnitQty>מיליליטרים</UnitQty>
      <Quantity>750.00</Quantity>
      <bIsWeighted>0</bIsWeighted>
      <UnitOfMeasure>100 מ"ל</UnitOfMeasure>
      <QtyInPackage>1</QtyInPackage>
      <ItemPrice>109.90</ItemPrice>
      <UnitOfMeasurePrice>14.65</UnitOfMeasurePrice>
      <AllowDiscount>1</AllowDiscount>
      <ItemStatus>1</ItemStatus>
    </Item>
    <Item>
      <PriceUpdateDate>2025-11-14 09:54</PriceUpdateDate>
      <ItemCode>3464562</ItemCode>
      <ItemType>1</ItemType>
      <ItemName>סטייק סינטה עגל טרי</ItemName>
      <ManufacturerName>לא ידוע</ManufacturerName>
      <ManufactureCountry>לא ידוע</ManufactureCountry>
      <ManufacturerItemDescription>סטייק סינטה עגל     </ManufacturerItemDescription>
      <UnitQty>Unknown</UnitQty>
      <Quantity>0.00</Quantity>
      <bIsWeighted>1</bIsWeighted>
      <UnitOfMeasure>ק"ג</UnitOfMeasure>
      <QtyInPackage>0</QtyInPackage>
      <ItemPrice>129.90</ItemPrice>
      <UnitOfMeasurePrice>129.90</UnitOfMeasurePrice>
      <AllowDiscount>1</AllowDiscount>
      <ItemStatus>1</ItemStatus>
    </Item>
    <Item>
      <PriceUpdateDate>2024-11-18 16:05</PriceUpdateDate>
      <ItemCode>3523230025638</ItemCode>
      <ItemType>1</ItemType>
      <ItemName>מיני בושה עיזים טבעי 125 גר</ItemName>
      <ManufacturerName>לא ידוע</ManufacturerName>
      <ManufactureCountry>לא ידוע</ManufactureCountry>
      <ManufacturerItemDescription>גבינה מיני בושה עיזי</ManufacturerItemDescription>
      <UnitQty>גרמים</UnitQty>
      <Quantity>125.00</Quantity>
      <bIsWeighted>0</bIsWeighted>
      <UnitOfMeasure>100 גרם</UnitOfMeasure>
      <QtyInPackage>1</QtyInPackage>
      <ItemPrice>32.90</ItemPrice>
      <UnitOfMeasurePrice>26.32</UnitOfMeasurePrice>
      <AllowDiscount>1</AllowDiscount>
      <ItemStatus>1</ItemStatus>
    </Item>
    <Item>
      <PriceUpdateDate>2025-03-03 06:57</PriceUpdateDate>
      <ItemCode>3563490014898</ItemCode>
      <ItemType>1</ItemType>
      <ItemName>חרדל לחיץ ריין דיזיון 265 גרם</ItemName>
      <ManufacturerName>לא ידוע</ManufacturerName>
      <ManufactureCountry>לא ידוע</ManufactureCountry>
      <ManufacturerItemDescription>חרדל לחיץ ריין דיזיו</ManufacturerItemDescription>
      <UnitQty>גרמים</UnitQty>
      <Quantity>265.00</Quantity>
      <bIsWeighted>0</bIsWeighted>
      <UnitOfMeasure>100 גרם</UnitOfMeasure>
      <QtyInPackage>1</QtyInPackage>
      <ItemPrice>19.50</ItemPrice>
      <UnitOfMeasurePrice>7.36</UnitOfMeasurePrice>
      <AllowDiscount>1</AllowDiscount>
      <ItemStatus>1</ItemStatus>
    </Item>
    <Item>
      <PriceUpdateDate>2025-03-03 06:57</PriceUpdateDate>
      <ItemCode>3574660089547</ItemCode>
      <ItemType>1</ItemType>
      <ItemName>אובה נורמל 32 חדש</ItemName>
      <ManufacturerName>לא ידוע</ManufacturerName>
      <ManufactureCountry>לא ידוע</ManufactureCountry>
      <ManufacturerItemDescription>אובה נורמל 32 חדש   </ManufacturerItemDescription>
      <UnitQty>Unknown</UnitQty>
      <Quantity>0.00</Quantity>
      <bIsWeighted>0</bIsWeighted>
      <UnitOfMeasure>Unknown</UnitOfMeasure>
      <QtyInPackage>1</QtyInPackage>
      <ItemPrice>27.90</ItemPrice>
      <UnitOfMeasurePrice>27.90</UnitOfMeasurePrice>
      <AllowDiscount>1</AllowDiscount>
      <ItemStatus>1</ItemStatus>
    </Item>
    <Item>
      <PriceUpdateDate>2025-02-27 10:00</PriceUpdateDate>
      <ItemCode>3574661552811</ItemCode>
      <ItemType>1</ItemType>
      <ItemName>מגן תחתון קרפרי כותון אוורירי 56 יח</ItemName>
      <ManufacturerName>לא ידוע</ManufacturerName>
      <ManufactureCountry>IT</ManufactureCountry>
      <ManufacturerItemDescription>מגן תחתון קרפרי כותו</ManufacturerItemDescription>
      <UnitQty>Unknown</UnitQty>
      <Quantity>0.00</Quantity>
      <bIsWeighted>0</bIsWeighted>
      <UnitOfMeasure>Unknown</UnitOfMeasure>
      <QtyInPackage>1</QtyInPackage>
      <ItemPrice>24.90</ItemPrice>
      <UnitOfMeasurePrice>24.90</UnitOfMeasurePrice>
      <AllowDiscount>1</AllowDiscount>
      <ItemStatus>1</ItemStatus>
    </Item>
    <Item>
      <PriceUpdateDate>2021-06-14 13:48</PriceUpdateDate>
      <ItemCode>36000516876</ItemCode>
      <ItemType>1</ItemType>
      <ItemName>ממחטות נייר קלינקס לושן 3 שכבות 75 דף</ItemName>
      <ManufacturerName>לא ידוע</ManufacturerName>
      <ManufactureCountry>איטליה</ManufactureCountry>
      <ManufacturerItemDescription>ממחטות נייר קלינקס ל</ManufacturerItemDescription>
      <UnitQty>Unknown</UnitQty>
      <Quantity>0.00</Quantity>
      <bIsWeighted>0</bIsWeighted>
      <UnitOfMeasure>Unknown</UnitOfMeasure>
      <QtyInPackage>1</QtyInPackage>
      <ItemPrice>12.90</ItemPrice>
      <UnitOfMeasurePrice>12.90</UnitOfMeasurePrice>
      <AllowDiscount>1</AllowDiscount>
      <ItemStatus>1</ItemStatus>
    </Item>
    <Item>
      <PriceUpdateDate>2025-05-21 08:36</PriceUpdateDate>
      <ItemCode>3608580109280</ItemCode>
      <ItemType>1</ItemType>
      <ItemName>קונפיטורת תות 370 גר BONNE MAMAN</ItemName>
      <ManufacturerName>לא ידוע</ManufacturerName>
      <ManufactureCountry>צרפת</ManufactureCountry>
      <ManufacturerItemDescription>קונפיטורה בון מאמן ת</ManufacturerItemDescription>
      <UnitQty>גרמים</UnitQty>
      <Quantity>370.00</Quantity>
      <bIsWeighted>0</bIsWeighted>
      <UnitOfMeasure>100 גרם</UnitOfMeasure>
      <QtyInPackage>1</QtyInPackage>
      <ItemPrice>25.90</ItemPrice>
      <UnitOfMeasurePrice>7.00</UnitOfMeasurePrice>
      <AllowDiscount>1</AllowDiscount>
      <ItemStatus>1</ItemStatus>
    </Item>
    <Item>
      <PriceUpdateDate>2025-01-30 07:57</PriceUpdateDate>
      <ItemCode>365954</ItemCode>
      <ItemType>1</ItemType>
      <ItemName>פסטרמה גחליםטירת צבי</ItemName>
      <ManufacturerName>לא ידוע</ManufacturerName>
      <ManufactureCountry>לא ידוע</ManufactureCountry>
      <ManufacturerItemDescription>פסטרמה גחלים        </ManufacturerItemDescription>
      <UnitQty>Unknown</UnitQty>
      <Quantity>0.00</Quantity>
      <bIsWeighted>1</bIsWeighted>
      <UnitOfMeasure>ק"ג</UnitOfMeasure>
      <QtyInPackage>0</QtyInPackage>
      <ItemPrice>105.00</ItemPrice>
      <UnitOfMeasurePrice>105.00</UnitOfMeasurePrice>
      <AllowDiscount>1</AllowDiscount>
      <ItemStatus>1</ItemStatus>
    </Item>
    <Item>
      <PriceUpdateDate>2025-03-20 12:15</PriceUpdateDate>
      <ItemCode>37600110723</ItemCode>
      <ItemType>1</ItemType>
      <ItemName>סקיפי חמאת בוטנים עם שברי בוטנים 462 גרם</ItemName>
      <ManufacturerName>לא ידוע</ManufacturerName>
      <ManufactureCountry>לא ידוע</ManufactureCountry>
      <ManufacturerItemDescription>סקיפי חמאת בוטנים עם</ManufacturerItemDescription>
      <UnitQty>גרמים</UnitQty>
      <Quantity>462.00</Quantity>
      <bIsWeighted>0</bIsWeighted>
      <UnitOfMeasure>100 גרם</UnitOfMeasure>
      <QtyInPackage>1</QtyInPackage>
      <ItemPrice>29.90</ItemPrice>
      <UnitOfMeasurePrice>6.47</UnitOfMeasurePrice>
      <AllowDiscount>1</AllowDiscount>
      <ItemStatus>1</ItemStatus>
    </Item>
    <Item>
      <PriceUpdateDate>2025-03-20 12:16</PriceUpdateDate>
      <ItemCode>37600110754</ItemCode>
      <ItemType>1</ItemType>
      <ItemName>סקיפי חמאת בוטנים 462 גרם</ItemName>
      <ManufacturerName>לא ידוע</ManufacturerName>
      <ManufactureCountry>לא ידוע</ManufactureCountry>
      <ManufacturerItemDescription>סקיפי חמאת בוטנים 46</ManufacturerItemDescription>
      <UnitQty>גרמים</UnitQty>
      <Quantity>462.00</Quantity>
      <bIsWeighted>0</bIsWeighted>
      <UnitOfMeasure>100 גרם</UnitOfMeasure>
      <QtyInPackage>1</QtyInPackage>
      <ItemPrice>29.90</ItemPrice>
      <UnitOfMeasurePrice>6.47</UnitOfMeasurePrice>
      <AllowDiscount>1</AllowDiscount>
      <ItemStatus>1</ItemStatus>
    </Item>
    <Item>
      <PriceUpdateDate>2024-07-04 17:02</PriceUpdateDate>
      <ItemCode>3760291950145</ItemCode>
      <ItemType>1</ItemType>
      <ItemName>יין שאטו פיגודה רוזה לה שאפל 750 מ"ל</ItemName>
      <ManufacturerName>לא ידוע</ManufacturerName>
      <ManufactureCountry />
      <ManufacturerItemDescription>יין שאטו פיגודה רוזה</ManufacturerItemDescription>
      <UnitQty>מיליליטרים</UnitQty>
      <Quantity>750.00</Quantity>
      <bIsWeighted>0</bIsWeighted>
      <UnitOfMeasure>100 מ"ל</UnitOfMeasure>
      <QtyInPackage>1</QtyInPackage>
      <ItemPrice>86.90</ItemPrice>
      <UnitOfMeasurePrice>11.59</UnitOfMeasurePrice>
      <AllowDiscount>1</AllowDiscount>
      <ItemStatus>1</ItemStatus>
    </Item>
    <Item>
      <PriceUpdateDate>2024-07-17 08:36</PriceUpdateDate>
      <ItemCode>3770000016758</ItemCode>
      <ItemType>1</ItemType>
      <ItemName>יין פטיט שבלי דומיין דה שאטיון כש 750 מ</ItemName>
      <ManufacturerName>לא ידוע</ManufacturerName>
      <ManufactureCountry>FR</ManufactureCountry>
      <ManufacturerItemDescription>יין פטיט שבלי דומיין</ManufacturerItemDescription>
      <UnitQty>Unknown</UnitQty>
      <Quantity>0.00</Quantity>
      <bIsWeighted>0</bIsWeighted>
      <UnitOfMeasure>Unknown</UnitOfMeasure>
      <QtyInPackage>1</QtyInPackage>
      <ItemPrice>109.90</ItemPrice>
      <UnitOfMeasurePrice>109.90</UnitOfMeasurePrice>
      <AllowDiscount>1</AllowDiscount>
      <ItemStatus>1</ItemStatus>
    </Item>
    <Item>
      <PriceUpdateDate>2022-12-20 12:42</PriceUpdateDate>
      <ItemCode>3800093511547</ItemCode>
      <ItemType>1</ItemType>
      <ItemName>טימס-לחמניות בריוש להמבורגר קלאסי 300 גר</ItemName>
      <ManufacturerName>לא ידוע</ManufacturerName>
      <ManufactureCountry>איטליה</ManufactureCountry>
      <ManufacturerItemDescription>טימס-לחמניות בריוש ל</ManufacturerItemDescription>
      <UnitQty>גרמים</UnitQty>
      <Quantity>300.00</Quantity>
      <bIsWeighted>0</bIsWeighted>
      <UnitOfMeasure>100 גרם</UnitOfMeasure>
      <QtyInPackage>1</QtyInPackage>
      <ItemPrice>18.90</ItemPrice>
      <UnitOfMeasurePrice>6.30</UnitOfMeasurePrice>
      <AllowDiscount>1</AllowDiscount>
      <ItemStatus>1</ItemStatus>
    </Item>
    <Item>
      <PriceUpdateDate>2024-11-25 13:42</PriceUpdateDate>
      <ItemCode>3800093511561</ItemCode>
      <ItemType>1</ItemType>
      <ItemName>טימס לחמניות באנס ריבת דובדבנים 250 גרם</ItemName>
      <ManufacturerName>לא ידוע</ManufacturerName>
      <ManufactureCountry />
      <ManufacturerItemDescription>טימס לחמניות באנס רי</ManufacturerItemDescription>
      <UnitQty>גרמים</UnitQty>
      <Quantity>250.00</Quantity>
      <bIsWeighted>0</bIsWeighted>
      <UnitOfMeasure>100 גרם</UnitOfMeasure>
      <QtyInPackage>1</QtyInPackage>
      <ItemPrice>14.90</ItemPrice>
      <UnitOfMeasurePrice>5.96</UnitOfMeasurePrice>
      <AllowDiscount>1</AllowDiscount>
      <ItemStatus>1</ItemStatus>
    </Item>
    <Item>
      <PriceUpdateDate>2024-07-04 09:18</PriceUpdateDate>
      <ItemCode>3800513</ItemCode>
      <ItemType>1</ItemType>
      <ItemName>פילה עוף טרי</ItemName>
      <ManufacturerName>לא ידוע</ManufacturerName>
      <ManufactureCountry>לא ידוע</ManufactureCountry>
      <ManufacturerItemDescription>פילה עוף טרי        </ManufacturerItemDescription>
      <UnitQty>Unknown</UnitQty>
      <Quantity>0.00</Quantity>
      <bIsWeighted>1</bIsWeighted>
      <UnitOfMeasure>ק"ג</UnitOfMeasure>
      <QtyInPackage>0</QtyInPackage>
      <ItemPrice>45.90</ItemPrice>
      <UnitOfMeasurePrice>45.90</UnitOfMeasurePrice>
      <AllowDiscount>1</AllowDiscount>
      <ItemStatus>1</ItemStatus>
    </Item>
    <Item>
      <PriceUpdateDate>2025-08-05 16:06</PriceUpdateDate>
      <ItemCode>4000161050308</ItemCode>
      <ItemType>1</ItemType>
      <ItemName>נידרגר מרציפן מצופה שוקולד 125 גר</ItemName>
      <ManufacturerName>לא ידוע</ManufacturerName>
      <ManufactureCountry>לא ידוע</ManufactureCountry>
      <ManufacturerItemDescription>נידרגר מרציפן מצופה </ManufacturerItemDescription>
      <UnitQty>גרמים</UnitQty>
      <Quantity>125.00</Quantity>
      <bIsWeighted>0</bIsWeighted>
      <UnitOfMeasure>100 גרם</UnitOfMeasure>
      <QtyInPackage>1</QtyInPackage>
      <ItemPrice>32.90</ItemPrice>
      <UnitOfMeasurePrice>26.32</UnitOfMeasurePrice>
      <AllowDiscount>1</AllowDiscount>
      <ItemStatus>1</ItemStatus>
    </Item>
    <Item>
      <PriceUpdateDate>2024-11-25 13:40</PriceUpdateDate>
      <ItemCode>4000161060116</ItemCode>
      <ItemType>1</ItemType>
      <ItemName>נידרגר שוקולד מריר במילוי מרציפן 110 גר</ItemName>
      <ManufacturerName>לא ידוע</ManufacturerName>
      <ManufactureCountry>לא ידוע</ManufactureCountry>
      <ManufacturerItemDescription>נידרגר שוקולד מריר ב</ManufacturerItemDescription>
      <UnitQty>גרמים</UnitQty>
      <Quantity>110.00</Quantity>
      <bIsWeighted>0</bIsWeighted>
      <UnitOfMeasure>100 גרם</UnitOfMeasure>
      <QtyInPackage>1</QtyInPackage>
      <ItemPrice>27.90</ItemPrice>
      <UnitOfMeasurePrice>25.36</UnitOfMeasurePrice>
      <AllowDiscount>1</AllowDiscount>
      <ItemStatus>1</ItemStatus>
    </Item>
    <Item>
      <PriceUpdateDate>2025-10-06 08:06</PriceUpdateDate>
      <ItemCode>4000417022004</ItemCode>
      <ItemType>1</ItemType>
      <ItemName>שוקולד ריטר ספורט צימוקים ואג 100 גרם</ItemName>
      <ManufacturerName>לא ידוע</ManufacturerName>
      <ManufactureCountry>לא ידוע</ManufactureCountry>
      <ManufacturerItemDescription>שוקולד ריטר ספורט צי</ManufacturerItemDescription>
      <UnitQty>גרמים</UnitQty>
      <Quantity>100.00</Quantity>
      <bIsWeighted>0</bIsWeighted>
      <UnitOfMeasure>100 גרם</UnitOfMeasure>
      <QtyInPackage>1</QtyInPackage>
      <ItemPrice>14.90</ItemPrice>
      <UnitOfMeasurePrice>14.90</UnitOfMeasurePrice>
      <AllowDiscount>1</AllowDiscount>
      <ItemStatus>1</ItemStatus>
    </Item>
    <Item>
      <PriceUpdateDate>2025-10-06 08:06</PriceUpdateDate>
      <ItemCode>4000417025005</ItemCode>
      <ItemType>1</ItemType>
      <ItemName>שוקולד ריטר ספורט מרצפן 100 גרם</ItemName>
      <ManufacturerName>לא ידוע</ManufacturerName>
      <ManufactureCountry>לא ידוע</ManufactureCountry>
      <ManufacturerItemDescription>שוקולד RITTER SPORT </ManufacturerItemDescription>
      <UnitQty>גרמים</UnitQty>
      <Quantity>100.00</Quantity>
      <bIsWeighted>0</bIsWeighted>
      <UnitOfMeasure>100 גרם</UnitOfMeasure>
      <QtyInPackage>1</QtyInPackage>
      <ItemPrice>14.90</ItemPrice>
      <UnitOfMeasurePrice>14.90</UnitOfMeasurePrice>
      <AllowDiscount>1</AllowDiscount>
      <ItemStatus>1</ItemStatus>
    </Item>
    <Item>
      <PriceUpdateDate>2025-10-06 08:06</PriceUpdateDate>
      <ItemCode>4000417101211</ItemCode>
      <ItemType>1</ItemType>
      <ItemName>אמיצלי 150 גרם</ItemName>
      <ManufacturerName>לא ידוע</ManufacturerName>
      <ManufactureCountry />
      <ManufacturerItemDescription>אמיצלי 150 גר       </ManufacturerItemDescription>
      <UnitQty>גרמים</UnitQty>
      <Quantity>150.00</Quantity>
      <bIsWeighted>0</bIsWeighted>
      <UnitOfMeasure>100 גרם</UnitOfMeasure>
      <QtyInPackage>1</QtyInPackage>
      <ItemPrice>28.90</ItemPrice>
      <UnitOfMeasurePrice>19.27</UnitOfMeasurePrice>
      <AllowDiscount>1</AllowDiscount>
      <ItemStatus>1</ItemStatus>
    </Item>
    <Item>
      <PriceUpdateDate>2025-10-03 12:37</PriceUpdateDate>
      <ItemCode>4000417222008</ItemCode>
      <ItemType>1</ItemType>
      <ItemName>שוקולד ריטר ספורט חלב עם אגוזים 100 גר</ItemName>
      <ManufacturerName>לא ידוע</ManufacturerName>
      <ManufactureCountry>לא ידוע</ManufactureCountry>
      <ManufacturerItemDescription>שוקולד ריטר ספורט חל</ManufacturerItemDescription>
      <UnitQty>גרמים</UnitQty>
      <Quantity>100.00</Quantity>
      <bIsWeighted>0</bIsWeighted>
      <UnitOfMeasure>100 גרם</UnitOfMeasure>
      <QtyInPackage>1</QtyInPackage>
      <ItemPrice>14.90</ItemPrice>
      <UnitOfMeasurePrice>14.90</UnitOfMeasurePrice>
      <AllowDiscount>1</AllowDiscount>
      <ItemStatus>1</ItemStatus>
    </Item>
    <Item>
      <PriceUpdateDate>2025-10-06 08:06</PriceUpdateDate>
      <ItemCode>4000417224002</ItemCode>
      <ItemType>1</ItemType>
      <ItemName>שוקולד RITTER SPORT מריר אגוזים  100 גרם</ItemName>
      <ManufacturerName>לא ידוע</ManufacturerName>
      <ManufactureCountry>לא ידוע</ManufactureCountry>
      <ManufacturerItemDescription>שוקולד RITTER SPORT </ManufacturerItemDescription>
      <UnitQty>גרמים</UnitQty>
      <Quantity>100.00</Quantity>
      <bIsWeighted>0</bIsWeighted>
      <UnitOfMeasure>100 גרם</UnitOfMeasure>
      <QtyInPackage>1</QtyInPackage>
      <ItemPrice>17.90</ItemPrice>
      <UnitOfMeasurePrice>17.90</UnitOfMeasurePrice>
      <AllowDiscount>1</AllowDiscount>
      <ItemStatus>1</ItemStatus>
    </Item>
    <Item>
      <PriceUpdateDate>2025-10-06 08:06</PriceUpdateDate>
      <ItemCode>4000417294005</ItemCode>
      <ItemType>1</ItemType>
      <ItemName>שוקולד ריטר ספורט מוס קקאו 100 גרם</ItemName>
      <ManufacturerName>לא ידוע</ManufacturerName>
      <ManufactureCountry>לא ידוע</ManufactureCountry>
      <ManufacturerItemDescription>שוקולד RITTER SPORT </ManufacturerItemDescription>
      <UnitQty>גרמים</UnitQty>
      <Quantity>100.00</Quantity>
      <bIsWeighted>0</bIsWeighted>
      <UnitOfMeasure>100 גרם</UnitOfMeasure>
      <QtyInPackage>1</QtyInPackage>
      <ItemPrice>14.90</ItemPrice>
      <UnitOfMeasurePrice>14.90</UnitOfMeasurePrice>
      <AllowDiscount>1</AllowDiscount>
      <ItemStatus>1</ItemStatus>
    </Item>
    <Item>
      <PriceUpdateDate>2025-10-23 05:39</PriceUpdateDate>
      <ItemCode>4000417601513</ItemCode>
      <ItemType>1</ItemType>
      <ItemName>שוקולד ריטר ספורט חלב עם אמיצלי 100 גרם</ItemName>
      <ManufacturerName>לא ידוע</ManufacturerName>
      <ManufactureCountry>DE</ManufactureCountry>
      <ManufacturerItemDescription>שוקולד ריטר ספורט חל</ManufacturerItemDescription>
      <UnitQty>גרמים</UnitQty>
      <Quantity>100.00</Quantity>
      <bIsWeighted>0</bIsWeighted>
      <UnitOfMeasure>100 גרם</UnitOfMeasure>
      <QtyInPackage>1</QtyInPackage>
      <ItemPrice>14.90</ItemPrice>
      <UnitOfMeasurePrice>14.90</UnitOfMeasurePrice>
      <AllowDiscount>1</AllowDiscount>
      <ItemStatus>1</ItemStatus>
    </Item>
    <Item>
      <PriceUpdateDate>2025-10-03 12:37</PriceUpdateDate>
      <ItemCode>4000417620811</ItemCode>
      <ItemType>1</ItemType>
      <ItemName>שוקולד ריטר לבן סמארטיס 100 גר</ItemName>
      <ManufacturerName>לא ידוע</ManufacturerName>
      <ManufactureCountry>DE</ManufactureCountry>
      <ManufacturerItemDescription>שוקולד ריטר לבן סמאר</ManufacturerItemDescription>
      <UnitQty>גרמים</UnitQty>
      <Quantity>100.00</Quantity>
      <bIsWeighted>0</bIsWeighted>
      <UnitOfMeasure>100 גרם</UnitOfMeasure>
      <QtyInPackage>1</QtyInPackage>
      <ItemPrice>14.90</ItemPrice>
      <UnitOfMeasurePrice>14.90</UnitOfMeasurePrice>
      <AllowDiscount>1</AllowDiscount>
      <ItemStatus>1</ItemStatus>
    </Item>
    <Item>
      <PriceUpdateDate>2025-12-07 17:58</PriceUpdateDate>
      <ItemCode>4000504101773</ItemCode>
      <ItemType>1</ItemType>
      <ItemName>גבינת קממבר קריספית לצליה / טיגון 180 ג</ItemName>
      <ManufacturerName>לא ידוע</ManufacturerName>
      <ManufactureCountry>DE</ManufactureCountry>
      <ManufacturerItemDescription>גבינת קממבר קריספית </ManufacturerItemDescription>
      <UnitQty>גרמים</UnitQty>
      <Quantity>180.00</Quantity>
      <bIsWeighted>0</bIsWeighted>
      <UnitOfMeasure>100 גרם</UnitOfMeasure>
      <QtyInPackage>1</QtyInPackage>
      <ItemPrice>32.90</ItemPrice>
      <UnitOfMeasurePrice>18.28</UnitOfMeasurePrice>
      <AllowDiscount>1</AllowDiscount>
      <ItemStatus>1</ItemStatus>
    </Item>
    <Item>
      <PriceUpdateDate>2025-08-13 14:51</PriceUpdateDate>
      <ItemCode>4000504149423</ItemCode>
      <ItemType>1</ItemType>
      <ItemName>גבינת קמבוזולה 125 גרם</ItemName>
      <ManufacturerName>לא ידוע</ManufacturerName>
      <ManufactureCountry>DE</ManufactureCountry>
      <ManufacturerItemDescription>גבינת קמבוזולה 125 ג</ManufacturerItemDescription>
      <UnitQty>גרמים</UnitQty>
      <Quantity>125.00</Quantity>
      <bIsWeighted>0</bIsWeighted>
      <UnitOfMeasure>100 גרם</UnitOfMeasure>
      <QtyInPackage>1</QtyInPackage>
      <ItemPrice>28.90</ItemPrice>
      <UnitOfMeasurePrice>23.12</UnitOfMeasurePrice>
      <AllowDiscount>1</AllowDiscount>
      <ItemStatus>1</ItemStatus>
    </Item>
    <Item>
      <PriceUpdateDate>2025-08-13 14:51</PriceUpdateDate>
      <ItemCode>4000504149928</ItemCode>
      <ItemType>1</ItemType>
      <ItemName>ברייט בטעם קרמי מעודן 125 גרם</ItemName>
      <ManufacturerName>לא ידוע</ManufacturerName>
      <ManufactureCountry>DE</ManufactureCountry>
      <ManufacturerItemDescription>ברייט בטעם קרמי מעוד</ManufacturerItemDescription>
      <UnitQty>גרמים</UnitQty>
      <Quantity>125.00</Quantity>
      <bIsWeighted>0</bIsWeighted>
      <UnitOfMeasure>100 גרם</UnitOfMeasure>
      <QtyInPackage>1</QtyInPackage>
      <ItemPrice>28.90</ItemPrice>
      <UnitOfMeasurePrice>23.12</UnitOfMeasurePrice>
      <AllowDiscount>1</AllowDiscount>
      <ItemStatus>1</ItemStatus>
    </Item>
    <Item>
      <PriceUpdateDate>2025-08-13 14:50</PriceUpdateDate>
      <ItemCode>4000504151822</ItemCode>
      <ItemType>1</ItemType>
      <ItemName>ברייט בטעם ריבת חלב 125 גרם</ItemName>
      <ManufacturerName>לא ידוע</ManufacturerName>
      <ManufactureCountry>DE</ManufactureCountry>
      <ManufacturerItemDescription>ברייט בטעם ריבת חלב </ManufacturerItemDescription>
      <UnitQty>גרמים</UnitQty>
      <Quantity>125.00</Quantity>
      <bIsWeighted>0</bIsWeighted>
      <UnitOfMeasure>100 גרם</UnitOfMeasure>
      <QtyInPackage>1</QtyInPackage>
      <ItemPrice>28.90</ItemPrice>
      <UnitOfMeasurePrice>23.12</UnitOfMeasurePrice>
      <AllowDiscount>1</AllowDiscount>
      <ItemStatus>1</ItemStatus>
    </Item>
    <Item>
      <PriceUpdateDate>2025-07-10 11:36</PriceUpdateDate>
      <ItemCode>4000504213028</ItemCode>
      <ItemType>1</ItemType>
      <ItemName>גבינה דורבלו גרמנית במשקל</ItemName>
      <ManufacturerName>לא ידוע</ManufacturerName>
      <ManufactureCountry>לא ידוע</ManufactureCountry>
      <ManufacturerItemDescription>גבינה דורבלו גרמנית </ManufacturerItemDescription>
      <UnitQty>Unknown</UnitQty>
      <Quantity>0.00</Quantity>
      <bIsWeighted>1</bIsWeighted>
      <UnitOfMeasure>ק"ג</UnitOfMeasure>
      <QtyInPackage>0</QtyInPackage>
      <ItemPrice>209.00</ItemPrice>
      <UnitOfMeasurePrice>209.00</UnitOfMeasurePrice>
      <AllowDiscount>1</AllowDiscount>
      <ItemStatus>1</ItemStatus>
    </Item>
    <Item>
      <PriceUpdateDate>2025-06-06 05:57</PriceUpdateDate>
      <ItemCode>4000512363729</ItemCode>
      <ItemType>1</ItemType>
      <ItemName>טרולי גלוזר ממתק גלי ממולא 75 גרם</ItemName>
      <ManufacturerName>לא ידוע</ManufacturerName>
      <ManufactureCountry />
      <ManufacturerItemDescription>טרולי גלוזר ממתק גלי</ManufacturerItemDescription>
      <UnitQty>גרמים</UnitQty>
      <Quantity>75.00</Quantity>
      <bIsWeighted>0</bIsWeighted>
      <UnitOfMeasure>100 גרם</UnitOfMeasure>
      <QtyInPackage>1</QtyInPackage>
      <ItemPrice>20.90</ItemPrice>
      <UnitOfMeasurePrice>27.87</UnitOfMeasurePrice>
      <AllowDiscount>1</AllowDiscount>
      <ItemStatus>1</ItemStatus>
    </Item>
    <Item>
      <PriceUpdateDate>2025-06-25 06:22</PriceUpdateDate>
      <ItemCode>4000512364436</ItemCode>
      <ItemType>1</ItemType>
      <ItemName>טרולי גומי פרות חלב 200 גר</ItemName>
      <ManufacturerName>לא ידוע</ManufacturerName>
      <ManufactureCountry>גרמניה</ManufactureCountry>
      <ManufacturerItemDescription>טרולי גומי פרות חלב </ManufacturerItemDescription>
      <UnitQty>גרמים</UnitQty>
      <Quantity>200.00</Quantity>
      <bIsWeighted>0</bIsWeighted>
      <UnitOfMeasure>100 גרם</UnitOfMeasure>
      <QtyInPackage>1</QtyInPackage>
      <ItemPrice>15.90</ItemPrice>
      <UnitOfMeasurePrice>7.95</UnitOfMeasurePrice>
      <AllowDiscount>1</AllowDiscount>
      <ItemStatus>1</ItemStatus>
    </Item>
    <Item>
      <PriceUpdateDate>2025-06-25 06:22</PriceUpdateDate>
      <ItemCode>4000512364443</ItemCode>
      <ItemType>1</ItemType>
      <ItemName>טרולי גומי עכברים 200 גר</ItemName>
      <ManufacturerName>לא ידוע</ManufacturerName>
      <ManufactureCountry>גרמניה</ManufactureCountry>
      <ManufacturerItemDescription>טרולי גומי עכברים 20</ManufacturerItemDescription>
      <UnitQty>גרמים</UnitQty>
      <Quantity>200.00</Quantity>
      <bIsWeighted>0</bIsWeighted>
      <UnitOfMeasure>100 גרם</UnitOfMeasure>
      <QtyInPackage>1</QtyInPackage>
      <ItemPrice>15.90</ItemPrice>
      <UnitOfMeasurePrice>7.95</UnitOfMeasurePrice>
      <AllowDiscount>1</AllowDiscount>
      <ItemStatus>1</ItemStatus>
    </Item>
    <Item>
      <PriceUpdateDate>2025-09-05 09:13</PriceUpdateDate>
      <ItemCode>4000539280726</ItemCode>
      <ItemType>1</ItemType>
      <ItemName>שוקולד לינדט אקסלנס מילד 70% 100 גר</ItemName>
      <ManufacturerName>לא ידוע</ManufacturerName>
      <ManufactureCountry>גרמניה</ManufactureCountry>
      <ManufacturerItemDescription>שוקולד לינדט אקסלנס </ManufacturerItemDescription>
      <UnitQty>גרמים</UnitQty>
      <Quantity>100.00</Quantity>
      <bIsWeighted>0</bIsWeighted>
      <UnitOfMeasure>100 גרם</UnitOfMeasure>
      <QtyInPackage>1</QtyInPackage>
      <ItemPrice>26.90</ItemPrice>
      <UnitOfMeasurePrice>26.90</UnitOfMeasurePrice>
      <AllowDiscount>1</AllowDiscount>
      <ItemStatus>1</ItemStatus>
    </Item>
    <Item>
      <PriceUpdateDate>2025-09-05 09:13</PriceUpdateDate>
      <ItemCode>4000539280740</ItemCode>
      <ItemType>1</ItemType>
      <ItemName>שוקולד לינדט אקסלנס 78% 100 גר</ItemName>
      <ManufacturerName>לא ידוע</ManufacturerName>
      <ManufactureCountry>גרמניה</ManufactureCountry>
      <ManufacturerItemDescription>שוקולד לינדט אקסלנס </ManufacturerItemDescription>
      <UnitQty>גרמים</UnitQty>
      <Quantity>100.00</Quantity>
      <bIsWeighted>0</bIsWeighted>
      <UnitOfMeasure>100 גרם</UnitOfMeasure>
      <QtyInPackage>1</QtyInPackage>
      <ItemPrice>26.90</ItemPrice>
      <UnitOfMeasurePrice>26.90</UnitOfMeasurePrice>
      <AllowDiscount>1</AllowDiscount>
      <ItemStatus>1</ItemStatus>
    </Item>
    <Item>
      <PriceUpdateDate>2025-03-03 06:54</PriceUpdateDate>
      <ItemCode>4002590000022</ItemCode>
      <ItemType>1</ItemType>
      <ItemName>קלפני פירות אוכמניות 150 גרם</ItemName>
      <ManufacturerName>לא ידוע</ManufacturerName>
      <ManufactureCountry>לא ידוע</ManufactureCountry>
      <ManufacturerItemDescription>קלפני פירות אוכמניות</ManufacturerItemDescription>
      <UnitQty>גרמים</UnitQty>
      <Quantity>150.00</Quantity>
      <bIsWeighted>0</bIsWeighted>
      <UnitOfMeasure>100 גרם</UnitOfMeasure>
      <QtyInPackage>1</QtyInPackage>
      <ItemPrice>18.50</ItemPrice>
      <UnitOfMeasurePrice>12.33</UnitOfMeasurePrice>
      <AllowDiscount>1</AllowDiscount>
      <ItemStatus>1</ItemStatus>
    </Item>
    <Item>
      <PriceUpdateDate>2025-08-13 14:50</PriceUpdateDate>
      <ItemCode>4002631025069</ItemCode>
      <ItemType>1</ItemType>
      <ItemName>בירה קוניגסבכר 4.6% 500 מ"ל פחית</ItemName>
      <ManufacturerName>לא ידוע</ManufacturerName>
      <ManufactureCountry>לא ידוע</ManufactureCountry>
      <ManufacturerItemDescription>בירה קוניגסבכר 4.6% </ManufacturerItemDescription>
      <UnitQty>מיליליטרים</UnitQty>
      <Quantity>500.00</Quantity>
      <bIsWeighted>0</bIsWeighted>
      <UnitOfMeasure>100 מ"ל</UnitOfMeasure>
      <QtyInPackage>1</QtyInPackage>
      <ItemPrice>7.90</ItemPrice>
      <UnitOfMeasurePrice>1.58</UnitOfMeasurePrice>
      <AllowDiscount>1</AllowDiscount>
      <ItemStatus>1</ItemStatus>
    </Item>
    <Item>
      <PriceUpdateDate>2025-08-13 11:52</PriceUpdateDate>
      <ItemCode>4002631025830</ItemCode>
      <ItemType>1</ItemType>
      <ItemName>בירה קוניגסבאכר חיטה 5.1% 500 מ"ל פחית</ItemName>
      <ManufacturerName>לא ידוע</ManufacturerName>
      <ManufactureCountry>לא ידוע</ManufactureCountry>
      <ManufacturerItemDescription>בירה קוניגסבאכר חיטה</ManufacturerItemDescription>
      <UnitQty>מיליליטרים</UnitQty>
      <Quantity>500.00</Quantity>
      <bIsWeighted>0</bIsWeighted>
      <UnitOfMeasure>100 מ"ל</UnitOfMeasure>
      <QtyInPackage>1</QtyInPackage>
      <ItemPrice>9.90</ItemPrice>
      <UnitOfMeasurePrice>1.98</UnitOfMeasurePrice>
      <AllowDiscount>1</AllowDiscount>
      <ItemStatus>1</ItemStatus>
    </Item>
    <Item>
      <PriceUpdateDate>2025-08-20 23:00</PriceUpdateDate>
      <ItemCode>4003994112427</ItemCode>
      <ItemType>1</ItemType>
      <ItemName>קלוגס - קורן פלקס דגני בוקר תירס 750 גרם</ItemName>
      <ManufacturerName>לא ידוע</ManufacturerName>
      <ManufactureCountry />
      <ManufacturerItemDescription>קלוגס - קורן פלקס דג</ManufacturerItemDescription>
      <UnitQty>גרמים</UnitQty>
      <Quantity>750.00</Quantity>
      <bIsWeighted>0</bIsWeighted>
      <UnitOfMeasure>100 גרם</UnitOfMeasure>
      <QtyInPackage>1</QtyInPackage>
      <ItemPrice>33.90</ItemPrice>
      <UnitOfMeasurePrice>4.52</UnitOfMeasurePrice>
      <AllowDiscount>1</AllowDiscount>
      <ItemStatus>1</ItemStatus>
    </Item>
    <Item>
      <PriceUpdateDate>2024-12-02 15:26</PriceUpdateDate>
      <ItemCode>4007745058828</ItemCode>
      <ItemType>1</ItemType>
      <ItemName>חרדל צרפתי גרגרים אורגני 200 גרם</ItemName>
      <ManufacturerName>לא ידוע</ManufacturerName>
      <ManufactureCountry>לא ידוע</ManufactureCountry>
      <ManufacturerItemDescription>חרדל צרפתי גרגרים או</ManufacturerItemDescription>
      <UnitQty>גרמים</UnitQty>
      <Quantity>200.00</Quantity>
      <bIsWeighted>0</bIsWeighted>
      <UnitOfMeasure>100 גרם</UnitOfMeasure>
      <QtyInPackage>1</QtyInPackage>
      <ItemPrice>18.50</ItemPrice>
      <UnitOfMeasurePrice>9.25</UnitOfMeasurePrice>
      <AllowDiscount>1</AllowDiscount>
      <ItemStatus>1</ItemStatus>
    </Item>
    <Item>
      <PriceUpdateDate>2025-01-30 07:58</PriceUpdateDate>
      <ItemCode>4008287762020</ItemCode>
      <ItemType>1</ItemType>
      <ItemName>בירה וואיזן קרומבאחכר 500 מ"ל</ItemName>
      <ManufacturerName>לא ידוע</ManufacturerName>
      <ManufactureCountry>גרמניה</ManufactureCountry>
      <ManufacturerItemDescription>בירה קרומבאכר חיטה 5</ManufacturerItemDescription>
      <UnitQty>מיליליטרים</UnitQty>
      <Quantity>500.00</Quantity>
      <bIsWeighted>0</bIsWeighted>
      <UnitOfMeasure>100 מ"ל</UnitOfMeasure>
      <QtyInPackage>1</QtyInPackage>
      <ItemPrice>13.20</ItemPrice>
      <UnitOfMeasurePrice>2.64</UnitOfMeasurePrice>
      <AllowDiscount>1</AllowDiscount>
      <ItemStatus>1</ItemStatus>
    </Item>
    <Item>
      <PriceUpdateDate>2025-01-30 07:57</PriceUpdateDate>
      <ItemCode>4008287905786</ItemCode>
      <ItemType>1</ItemType>
      <ItemName>בירה קרומבאכר חיטה  5.3% פחית 500 מל</ItemName>
      <ManufacturerName>לא ידוע</ManufacturerName>
      <ManufactureCountry>גרמניה</ManufactureCountry>
      <ManufacturerItemDescription>בירה קרומבאכר חיטה  </ManufacturerItemDescription>
      <UnitQty>מיליליטרים</UnitQty>
      <Quantity>500.00</Quantity>
      <bIsWeighted>0</bIsWeighted>
      <UnitOfMeasure>100 מ"ל</UnitOfMeasure>
      <QtyInPackage>1</QtyInPackage>
      <ItemPrice>13.20</ItemPrice>
      <UnitOfMeasurePrice>2.64</UnitOfMeasurePrice>
      <AllowDiscount>1</AllowDiscount>
      <ItemStatus>1</ItemStatus>
    </Item>
    <Item>
      <PriceUpdateDate>2025-10-20 18:51</PriceUpdateDate>
      <ItemCode>4008400172224</ItemCode>
      <ItemType>1</ItemType>
      <ItemName>פררו רושה עץ קריסמס 150 גרם</ItemName>
      <ManufacturerName>לא ידוע</ManufacturerName>
      <ManufactureCountry />
      <ManufacturerItemDescription>פררו רושה עץ קריסמס </ManufacturerItemDescription>
      <UnitQty>גרמים</UnitQty>
      <Quantity>150.00</Quantity>
      <bIsWeighted>0</bIsWeighted>
      <UnitOfMeasure>100 גרם</UnitOfMeasure>
      <QtyInPackage>1</QtyInPackage>
      <ItemPrice>52.90</ItemPrice>
      <UnitOfMeasurePrice>35.27</UnitOfMeasurePrice>
      <AllowDiscount>1</AllowDiscount>
      <ItemStatus>1</ItemStatus>
    </Item>
    <Item>
      <PriceUpdateDate>2025-09-16 12:37</PriceUpdateDate>
      <ItemCode>40084107</ItemCode>
      <ItemType>1</ItemType>
      <ItemName>קינדר ביצת הפתעה</ItemName>
      <ManufacturerName>לא ידוע</ManufacturerName>
      <ManufactureCountry>לא ידוע</ManufactureCountry>
      <ManufacturerItemDescription>ביצת הפתעה קינדר 20 </ManufacturerItemDescription>
      <UnitQty>גרמים</UnitQty>
      <Quantity>20.00</Quantity>
      <bIsWeighted>0</bIsWeighted>
      <UnitOfMeasure>100 גרם</UnitOfMeasure>
      <QtyInPackage>1</QtyInPackage>
      <ItemPrice>8.90</ItemPrice>
      <UnitOfMeasurePrice>44.50</UnitOfMeasurePrice>
      <AllowDiscount>1</AllowDiscount>
      <ItemStatus>1</ItemStatus>
    </Item>
    <Item>
      <PriceUpdateDate>2025-03-03 06:54</PriceUpdateDate>
      <ItemCode>4009300524588</ItemCode>
      <ItemType>1</ItemType>
      <ItemName>תה חליטת פומפדור פירות יער 20 יח</ItemName>
      <ManufacturerName>לא ידוע</ManufacturerName>
      <ManufactureCountry>לא ידוע</ManufactureCountry>
      <ManufacturerItemDescription>תה חליטת פומפדור פיר</ManufacturerItemDescription>
      <UnitQty>Unknown</UnitQty>
      <Quantity>0.00</Quantity>
      <bIsWeighted>0</bIsWeighted>
      <UnitOfMeasure>Unknown</UnitOfMeasure>
      <QtyInPackage>1</QtyInPackage>
      <ItemPrice>23.00</ItemPrice>
      <UnitOfMeasurePrice>23.00</UnitOfMeasurePrice>
      <AllowDiscount>1</AllowDiscount>
      <ItemStatus>1</ItemStatus>
    </Item>
    <Item>
      <PriceUpdateDate>2025-03-25 07:01</PriceUpdateDate>
      <ItemCode>4009309022399</ItemCode>
      <ItemType>1</ItemType>
      <ItemName>כרוב כבוש אורגני 680 גר</ItemName>
      <ManufacturerName>לא ידוע</ManufacturerName>
      <ManufactureCountry>לא ידוע</ManufactureCountry>
      <ManufacturerItemDescription>כרוב כבוש אורגני 680</ManufacturerItemDescription>
      <UnitQty>גרמים</UnitQty>
      <Quantity>680.00</Quantity>
      <bIsWeighted>0</bIsWeighted>
      <UnitOfMeasure>100 גרם</UnitOfMeasure>
      <QtyInPackage>1</QtyInPackage>
      <ItemPrice>24.90</ItemPrice>
      <UnitOfMeasurePrice>3.66</UnitOfMeasurePrice>
      <AllowDiscount>1</AllowDiscount>
      <ItemStatus>1</ItemStatus>
    </Item>
    <Item>
      <PriceUpdateDate>2024-12-11 07:13</PriceUpdateDate>
      <ItemCode>4009309114346</ItemCode>
      <ItemType>1</ItemType>
      <ItemName>מלפפונים ללת"ס אורגניים בחומץ 670 גר</ItemName>
      <ManufacturerName>לא ידוע</ManufacturerName>
      <ManufactureCountry>לא ידוע</ManufactureCountry>
      <ManufacturerItemDescription>מלפפונים ללת"ס אורגנ</ManufacturerItemDescription>
      <UnitQty>גרמים</UnitQty>
      <Quantity>670.00</Quantity>
      <bIsWeighted>0</bIsWeighted>
      <UnitOfMeasure>100 גרם</UnitOfMeasure>
      <QtyInPackage>1</QtyInPackage>
      <ItemPrice>31.90</ItemPrice>
      <UnitOfMeasurePrice>4.76</UnitOfMeasurePrice>
      <AllowDiscount>1</AllowDiscount>
      <ItemStatus>1</ItemStatus>
    </Item>
    <Item>
      <PriceUpdateDate>2023-06-11 09:55</PriceUpdateDate>
      <ItemCode>4009900402965</ItemCode>
      <ItemType>1</ItemType>
      <ItemName>מסטיק אורביט WHITE בטעם פירות</ItemName>
      <ManufacturerName>לא ידוע</ManufacturerName>
      <ManufactureCountry>לא ידוע</ManufactureCountry>
      <ManufacturerItemDescription>מסטיק אורביט WHITE ב</ManufacturerItemDescription>
      <UnitQty>Unknown</UnitQty>
      <Quantity>0.00</Quantity>
      <bIsWeighted>0</bIsWeighted>
      <UnitOfMeasure>Unknown</UnitOfMeasure>
      <QtyInPackage>1</QtyInPackage>
      <ItemPrice>12.90</ItemPrice>
      <UnitOfMeasurePrice>12.90</UnitOfMeasurePrice>
      <AllowDiscount>1</AllowDiscount>
      <ItemStatus>1</ItemStatus>
    </Item>
    <Item>
      <PriceUpdateDate>2023-06-11 09:55</PriceUpdateDate>
      <ItemCode>4009900403023</ItemCode>
      <ItemType>1</ItemType>
      <ItemName>מסטיק אורביט WHITE בטעם מנטה</ItemName>
      <ManufacturerName>לא ידוע</ManufacturerName>
      <ManufactureCountry>לא ידוע</ManufactureCountry>
      <ManufacturerItemDescription>מסטיק אורביט WHITE ב</ManufacturerItemDescription>
      <UnitQty>Unknown</UnitQty>
      <Quantity>0.00</Quantity>
      <bIsWeighted>0</bIsWeighted>
      <UnitOfMeasure>Unknown</UnitOfMeasure>
      <QtyInPackage>1</QtyInPackage>
      <ItemPrice>12.90</ItemPrice>
      <UnitOfMeasurePrice>12.90</UnitOfMeasurePrice>
      <AllowDiscount>1</AllowDiscount>
      <ItemStatus>1</ItemStatus>
    </Item>
    <Item>
      <PriceUpdateDate>2023-06-11 09:55</PriceUpdateDate>
      <ItemCode>4009900420129</ItemCode>
      <ItemType>1</ItemType>
      <ItemName>מסטיק אורביט פרופשיונל פפרמינט בקבוקון</ItemName>
      <ManufacturerName>לא ידוע</ManufacturerName>
      <ManufactureCountry>PL</ManufactureCountry>
      <ManufacturerItemDescription>מסטיק אורביט פרופשיו</ManufacturerItemDescription>
      <UnitQty>גרמים</UnitQty>
      <Quantity>64.00</Quantity>
      <bIsWeighted>0</bIsWeighted>
      <UnitOfMeasure>100 גרם</UnitOfMeasure>
      <QtyInPackage>1</QtyInPackage>
      <ItemPrice>12.90</ItemPrice>
      <UnitOfMeasurePrice>20.16</UnitOfMeasurePrice>
      <AllowDiscount>1</AllowDiscount>
      <ItemStatus>1</ItemStatus>
    </Item>
    <Item>
      <PriceUpdateDate>2023-06-11 09:55</PriceUpdateDate>
      <ItemCode>4009900426039</ItemCode>
      <ItemType>1</ItemType>
      <ItemName>מסטיק איירוויבז מנטה אקליפטוס בקבוקון 64</ItemName>
      <ManufacturerName>לא ידוע</ManufacturerName>
      <ManufactureCountry>פולין</ManufactureCountry>
      <ManufacturerItemDescription>מסטיק איירוויבז מנטה</ManufacturerItemDescription>
      <UnitQty>גרמים</UnitQty>
      <Quantity>64.00</Quantity>
      <bIsWeighted>0</bIsWeighted>
      <UnitOfMeasure>100 גרם</UnitOfMeasure>
      <QtyInPackage>1</QtyInPackage>
      <ItemPrice>12.90</ItemPrice>
      <UnitOfMeasurePrice>20.16</UnitOfMeasurePrice>
      <AllowDiscount>1</AllowDiscount>
      <ItemStatus>1</ItemStatus>
    </Item>
    <Item>
      <PriceUpdateDate>2023-06-11 09:55</PriceUpdateDate>
      <ItemCode>4009900426121</ItemCode>
      <ItemType>1</ItemType>
      <ItemName>מסטיק איירוויבז אוכמניות בקבוקון 64 גר</ItemName>
      <ManufacturerName>לא ידוע</ManufacturerName>
      <ManufactureCountry>לא ידוע</ManufactureCountry>
      <ManufacturerItemDescription>מסטיק איירוויבז אוכמ</ManufacturerItemDescription>
      <UnitQty>גרמים</UnitQty>
      <Quantity>64.00</Quantity>
      <bIsWeighted>0</bIsWeighted>
      <UnitOfMeasure>100 גרם</UnitOfMeasure>
      <QtyInPackage>1</QtyInPackage>
      <ItemPrice>12.90</ItemPrice>
      <UnitOfMeasurePrice>20.16</UnitOfMeasurePrice>
      <AllowDiscount>1</AllowDiscount>
      <ItemStatus>1</ItemStatus>
    </Item>
    <Item>
      <PriceUpdateDate>2023-06-11 09:55</PriceUpdateDate>
      <ItemCode>4009900479998</ItemCode>
      <ItemType>1</ItemType>
      <ItemName>מסטיק אורביט לל"ס אוכמניות בקבוקון</ItemName>
      <ManufacturerName>לא ידוע</ManufacturerName>
      <ManufactureCountry>לא ידוע</ManufactureCountry>
      <ManufacturerItemDescription>מסטיק אורביט לל"ס או</ManufacturerItemDescription>
      <UnitQty>Unknown</UnitQty>
      <Quantity>0.00</Quantity>
      <bIsWeighted>0</bIsWeighted>
      <UnitOfMeasure>Unknown</UnitOfMeasure>
      <QtyInPackage>1</QtyInPackage>
      <ItemPrice>12.90</ItemPrice>
      <UnitOfMeasurePrice>12.90</UnitOfMeasurePrice>
      <AllowDiscount>1</AllowDiscount>
      <ItemStatus>1</ItemStatus>
    </Item>
    <Item>
      <PriceUpdateDate>2025-06-06 05:57</PriceUpdateDate>
      <ItemCode>4009900482967</ItemCode>
      <ItemType>1</ItemType>
      <ItemName>סוכריות סקיטלס פירות 152 ג</ItemName>
      <ManufacturerName>לא ידוע</ManufacturerName>
      <ManufactureCountry>צכיה</ManufactureCountry>
      <ManufacturerItemDescription>סוכריות סקיטלס פירות</ManufacturerItemDescription>
      <UnitQty>גרמים</UnitQty>
      <Quantity>152.00</Quantity>
      <bIsWeighted>0</bIsWeighted>
      <UnitOfMeasure>100 גרם</UnitOfMeasure>
      <QtyInPackage>1</QtyInPackage>
      <ItemPrice>17.90</ItemPrice>
      <UnitOfMeasurePrice>11.78</UnitOfMeasurePrice>
      <AllowDiscount>1</AllowDiscount>
      <ItemStatus>1</ItemStatus>
    </Item>
    <Item>
      <PriceUpdateDate>2025-06-06 05:55</PriceUpdateDate>
      <ItemCode>4009900513791</ItemCode>
      <ItemType>1</ItemType>
      <ItemName>סוכריות סקיטלס פירות חמוצים 152 ג</ItemName>
      <ManufacturerName>לא ידוע</ManufacturerName>
      <ManufactureCountry>צכיה</ManufactureCountry>
      <ManufacturerItemDescription>סוכריות סקיטלס פירות</ManufacturerItemDescription>
      <UnitQty>גרמים</UnitQty>
      <Quantity>152.00</Quantity>
      <bIsWeighted>0</bIsWeighted>
      <UnitOfMeasure>100 גרם</UnitOfMeasure>
      <QtyInPackage>1</QtyInPackage>
      <ItemPrice>17.90</ItemPrice>
      <UnitOfMeasurePrice>11.78</UnitOfMeasurePrice>
      <AllowDiscount>1</AllowDiscount>
      <ItemStatus>1</ItemStatus>
    </Item>
    <Item>
      <PriceUpdateDate>2023-06-11 09:55</PriceUpdateDate>
      <ItemCode>4009900531122</ItemCode>
      <ItemType>1</ItemType>
      <ItemName>מסטיק אורביט פרופשיונל ספירמינט בקבוקון</ItemName>
      <ManufacturerName>לא ידוע</ManufacturerName>
      <ManufactureCountry>פולין</ManufactureCountry>
      <ManufacturerItemDescription>מסטיק אורביט פרופשיו</ManufacturerItemDescription>
      <UnitQty>Unknown</UnitQty>
      <Quantity>0.00</Quantity>
      <bIsWeighted>0</bIsWeighted>
      <UnitOfMeasure>Unknown</UnitOfMeasure>
      <QtyInPackage>1</QtyInPackage>
      <ItemPrice>12.90</ItemPrice>
      <UnitOfMeasurePrice>12.90</UnitOfMeasurePrice>
      <AllowDiscount>1</AllowDiscount>
      <ItemStatus>1</ItemStatus>
    </Item>
    <Item>
      <PriceUpdateDate>2025-03-20 09:37</PriceUpdateDate>
      <ItemCode>4009900536257</ItemCode>
      <ItemType>1</ItemType>
      <ItemName>אורביט רפרשרס ספירמינט בקבוקון 67 גר</ItemName>
      <ManufacturerName>לא ידוע</ManufacturerName>
      <ManufactureCountry>פולין</ManufactureCountry>
      <ManufacturerItemDescription>אורביט רפרשרס ספירמי</ManufacturerItemDescription>
      <UnitQty>גרמים</UnitQty>
      <Quantity>67.00</Quantity>
      <bIsWeighted>0</bIsWeighted>
      <UnitOfMeasure>100 גרם</UnitOfMeasure>
      <QtyInPackage>1</QtyInPackage>
      <ItemPrice>16.50</ItemPrice>
      <UnitOfMeasurePrice>24.63</UnitOfMeasurePrice>
      <AllowDiscount>1</AllowDiscount>
      <ItemStatus>1</ItemStatus>
    </Item>
    <Item>
      <PriceUpdateDate>2025-03-20 12:20</PriceUpdateDate>
      <ItemCode>4009900536486</ItemCode>
      <ItemType>1</ItemType>
      <ItemName>אורביט רפרשרס באבלמינט בקבוקון 67 גר</ItemName>
      <ManufacturerName>לא ידוע</ManufacturerName>
      <ManufactureCountry>פולין</ManufactureCountry>
      <ManufacturerItemDescription>אורביט רפרשרס באבלמי</ManufacturerItemDescription>
      <UnitQty>גרמים</UnitQty>
      <Quantity>67.00</Quantity>
      <bIsWeighted>0</bIsWeighted>
      <UnitOfMeasure>100 גרם</UnitOfMeasure>
      <QtyInPackage>1</QtyInPackage>
      <ItemPrice>16.50</ItemPrice>
      <UnitOfMeasurePrice>24.63</UnitOfMeasurePrice>
      <AllowDiscount>1</AllowDiscount>
      <ItemStatus>1</ItemStatus>
    </Item>
    <Item>
      <PriceUpdateDate>2025-03-20 12:20</PriceUpdateDate>
      <ItemCode>4009900544559</ItemCode>
      <ItemType>1</ItemType>
      <ItemName>מסטיק אורביט רפרשרס תות לימון בקבוקון67ג</ItemName>
      <ManufacturerName>לא ידוע</ManufacturerName>
      <ManufactureCountry>פולין</ManufactureCountry>
      <ManufacturerItemDescription>מסטיק אורביט רפרשרס </ManufacturerItemDescription>
      <UnitQty>גרמים</UnitQty>
      <Quantity>67.00</Quantity>
      <bIsWeighted>0</bIsWeighted>
      <UnitOfMeasure>100 גרם</UnitOfMeasure>
      <QtyInPackage>1</QtyInPackage>
      <ItemPrice>16.50</ItemPrice>
      <UnitOfMeasurePrice>24.63</UnitOfMeasurePrice>
      <AllowDiscount>1</AllowDiscount>
      <ItemStatus>1</ItemStatus>
    </Item>
    <Item>
      <PriceUpdateDate>2025-12-02 08:55</PriceUpdateDate>
      <ItemCode>40111445</ItemCode>
      <ItemType>1</ItemType>
      <ItemName>מ&amp;מס פינאטס 45 גרם</ItemName>
      <ManufacturerName>לא ידוע</ManufacturerName>
      <ManufactureCountry>לא ידוע</ManufactureCountry>
      <ManufacturerItemDescription>מ&amp;מס פינאטס 45 גרם  </ManufacturerItemDescription>
      <UnitQty>גרמים</UnitQty>
      <Quantity>45.00</Quantity>
      <bIsWeighted>0</bIsWeighted>
      <UnitOfMeasure>100 גרם</UnitOfMeasure>
      <QtyInPackage>1</QtyInPackage>
      <ItemPrice>6.90</ItemPrice>
      <UnitOfMeasurePrice>15.33</UnitOfMeasurePrice>
      <AllowDiscount>1</AllowDiscount>
      <ItemStatus>1</ItemStatus>
    </Item>
    <Item>
      <PriceUpdateDate>2025-12-02 08:57</PriceUpdateDate>
      <ItemCode>40111490</ItemCode>
      <ItemType>1</ItemType>
      <ItemName>מ&amp;מס שוקולד 45 גרם</ItemName>
      <ManufacturerName>לא ידוע</ManufacturerName>
      <ManufactureCountry>לא ידוע</ManufactureCountry>
      <ManufacturerItemDescription>מ&amp;מס שוקולד 45 גרם  </ManufacturerItemDescription>
      <UnitQty>גרמים</UnitQty>
      <Quantity>45.00</Quantity>
      <bIsWeighted>0</bIsWeighted>
      <UnitOfMeasure>100 גרם</UnitOfMeasure>
      <QtyInPackage>1</QtyInPackage>
      <ItemPrice>6.90</ItemPrice>
      <UnitOfMeasurePrice>15.33</UnitOfMeasurePrice>
      <AllowDiscount>1</AllowDiscount>
      <ItemStatus>1</ItemStatus>
    </Item>
    <Item>
      <PriceUpdateDate>2025-02-16 16:32</PriceUpdateDate>
      <ItemCode>4011800629519</ItemCode>
      <ItemType>1</ItemType>
      <ItemName>קורני בייס נאטס 150 גר 6 יח 150 גר</ItemName>
      <ManufacturerName>לא ידוע</ManufacturerName>
      <ManufactureCountry>גרמניה</ManufactureCountry>
      <ManufacturerItemDescription>קורני בייס נאטס 150 </ManufacturerItemDescription>
      <UnitQty>גרמים</UnitQty>
      <Quantity>150.00</Quantity>
      <bIsWeighted>0</bIsWeighted>
      <UnitOfMeasure>100 גרם</UnitOfMeasure>
      <QtyInPackage>1</QtyInPackage>
      <ItemPrice>17.90</ItemPrice>
      <UnitOfMeasurePrice>11.93</UnitOfMeasurePrice>
      <AllowDiscount>1</AllowDiscount>
      <ItemStatus>1</ItemStatus>
    </Item>
    <Item>
      <PriceUpdateDate>2025-02-16 16:31</PriceUpdateDate>
      <ItemCode>4011800630515</ItemCode>
      <ItemType>1</ItemType>
      <ItemName>חטיף קורני שוקולד חלב ובננה 6 יח 150 גר</ItemName>
      <ManufacturerName>לא ידוע</ManufacturerName>
      <ManufactureCountry>DE</ManufactureCountry>
      <ManufacturerItemDescription>חטיף קורני שוקולד   </ManufacturerItemDescription>
      <UnitQty>גרמים</UnitQty>
      <Quantity>150.00</Quantity>
      <bIsWeighted>0</bIsWeighted>
      <UnitOfMeasure>100 גרם</UnitOfMeasure>
      <QtyInPackage>1</QtyInPackage>
      <ItemPrice>17.90</ItemPrice>
      <UnitOfMeasurePrice>11.93</UnitOfMeasurePrice>
      <AllowDiscount>1</AllowDiscount>
      <ItemStatus>1</ItemStatus>
    </Item>
    <Item>
      <PriceUpdateDate>2025-02-16 16:31</PriceUpdateDate>
      <ItemCode>4011800633516</ItemCode>
      <ItemType>1</ItemType>
      <ItemName>קורני בייס דרק שוקו 6 יח 138 גר</ItemName>
      <ManufacturerName>לא ידוע</ManufacturerName>
      <ManufactureCountry>גרמניה</ManufactureCountry>
      <ManufacturerItemDescription>קורני בייס דרק שוקו </ManufacturerItemDescription>
      <UnitQty>גרמים</UnitQty>
      <Quantity>138.00</Quantity>
      <bIsWeighted>0</bIsWeighted>
      <UnitOfMeasure>100 גרם</UnitOfMeasure>
      <QtyInPackage>1</QtyInPackage>
      <ItemPrice>17.90</ItemPrice>
      <UnitOfMeasurePrice>12.97</UnitOfMeasurePrice>
      <AllowDiscount>1</AllowDiscount>
      <ItemStatus>1</ItemStatus>
    </Item>
    <Item>
      <PriceUpdateDate>2024-11-22 23:00</PriceUpdateDate>
      <ItemCode>4014086090370</ItemCode>
      <ItemType>1</ItemType>
      <ItemName>בירה  גרמנית חזקה 9%  500 מל פחית</ItemName>
      <ManufacturerName>לא ידוע</ManufacturerName>
      <ManufactureCountry>גרמניה</ManufactureCountry>
      <ManufacturerItemDescription>בירה  גרמנית חזקה 9%</ManufacturerItemDescription>
      <UnitQty>מיליליטרים</UnitQty>
      <Quantity>500.00</Quantity>
      <bIsWeighted>0</bIsWeighted>
      <UnitOfMeasure>100 מ"ל</UnitOfMeasure>
      <QtyInPackage>1</QtyInPackage>
      <ItemPrice>9.90</ItemPrice>
      <UnitOfMeasurePrice>1.98</UnitOfMeasurePrice>
      <AllowDiscount>1</AllowDiscount>
      <ItemStatus>1</ItemStatus>
    </Item>
    <Item>
      <PriceUpdateDate>2024-06-27 13:45</PriceUpdateDate>
      <ItemCode>4014400900217</ItemCode>
      <ItemType>1</ItemType>
      <ItemName>בונבוניירה מרסי 400 גרם</ItemName>
      <ManufacturerName>לא ידוע</ManufacturerName>
      <ManufactureCountry>לא ידוע</ManufactureCountry>
      <ManufacturerItemDescription>בונבוניירה מרסי 400 </ManufacturerItemDescription>
      <UnitQty>גרמים</UnitQty>
      <Quantity>400.00</Quantity>
      <bIsWeighted>0</bIsWeighted>
      <UnitOfMeasure>100 גרם</UnitOfMeasure>
      <QtyInPackage>1</QtyInPackage>
      <ItemPrice>55.90</ItemPrice>
      <UnitOfMeasurePrice>13.98</UnitOfMeasurePrice>
      <AllowDiscount>1</AllowDiscount>
      <ItemStatus>1</ItemStatus>
    </Item>
    <Item>
      <PriceUpdateDate>2025-02-24 11:06</PriceUpdateDate>
      <ItemCode>4014400910063</ItemCode>
      <ItemType>1</ItemType>
      <ItemName>סוכריות וורטר אורגינל שקית 135 גרם</ItemName>
      <ManufacturerName>לא ידוע</ManufacturerName>
      <ManufactureCountry>לא ידוע</ManufactureCountry>
      <ManufacturerItemDescription>סוכריות וורטר אורגינ</ManufacturerItemDescription>
      <UnitQty>גרמים</UnitQty>
      <Quantity>135.00</Quantity>
      <bIsWeighted>0</bIsWeighted>
      <UnitOfMeasure>100 גרם</UnitOfMeasure>
      <QtyInPackage>1</QtyInPackage>
      <ItemPrice>15.20</ItemPrice>
      <UnitOfMeasurePrice>11.26</UnitOfMeasurePrice>
      <AllowDiscount>1</AllowDiscount>
      <ItemStatus>1</ItemStatus>
    </Item>
    <Item>
      <PriceUpdateDate>2024-06-27 13:43</PriceUpdateDate>
      <ItemCode>4014400914696</ItemCode>
      <ItemType>1</ItemType>
      <ItemName>סוכריות חמאה וורטר אור ללא סוכר 80 גרם</ItemName>
      <ManufacturerName>לא ידוע</ManufacturerName>
      <ManufactureCountry>לא ידוע</ManufactureCountry>
      <ManufacturerItemDescription>סוכריות חמאה וורטר א</ManufacturerItemDescription>
      <UnitQty>Unknown</UnitQty>
      <Quantity>0.00</Quantity>
      <bIsWeighted>0</bIsWeighted>
      <UnitOfMeasure>Unknown</UnitOfMeasure>
      <QtyInPackage>1</QtyInPackage>
      <ItemPrice>11.50</ItemPrice>
      <UnitOfMeasurePrice>11.50</UnitOfMeasurePrice>
      <AllowDiscount>1</AllowDiscount>
      <ItemStatus>1</ItemStatus>
    </Item>
    <Item>
      <PriceUpdateDate>2024-07-17 08:35</PriceUpdateDate>
      <ItemCode>4014400923711</ItemCode>
      <ItemType>1</ItemType>
      <ItemName>טופיפי 125 גרם כשלפ</ItemName>
      <ManufacturerName>לא ידוע</ManufacturerName>
      <ManufactureCountry>לא ידוע</ManufactureCountry>
      <ManufacturerItemDescription>טופיפי 125 גרם      </ManufacturerItemDescription>
      <UnitQty>גרמים</UnitQty>
      <Quantity>125.00</Quantity>
      <bIsWeighted>0</bIsWeighted>
      <UnitOfMeasure>100 גרם</UnitOfMeasure>
      <QtyInPackage>1</QtyInPackage>
      <ItemPrice>15.90</ItemPrice>
      <UnitOfMeasurePrice>12.72</UnitOfMeasurePrice>
      <AllowDiscount>1</AllowDiscount>
      <ItemStatus>1</ItemStatus>
    </Item>
    <Item>
      <PriceUpdateDate>2024-11-28 07:57</PriceUpdateDate>
      <ItemCode>4014400932959</ItemCode>
      <ItemType>1</ItemType>
      <ItemName>טופיפי שוקולד לבן 125 גרם</ItemName>
      <ManufacturerName>לא ידוע</ManufacturerName>
      <ManufactureCountry />
      <ManufacturerItemDescription>טופיפי שוקולד לבן 12</ManufacturerItemDescription>
      <UnitQty>גרמים</UnitQty>
      <Quantity>125.00</Quantity>
      <bIsWeighted>0</bIsWeighted>
      <UnitOfMeasure>100 גרם</UnitOfMeasure>
      <QtyInPackage>1</QtyInPackage>
      <ItemPrice>18.50</ItemPrice>
      <UnitOfMeasurePrice>14.80</UnitOfMeasurePrice>
      <AllowDiscount>1</AllowDiscount>
      <ItemStatus>1</ItemStatus>
    </Item>
    <Item>
      <PriceUpdateDate>2024-06-03 05:51</PriceUpdateDate>
      <ItemCode>4014600203149</ItemCode>
      <ItemType>1</ItemType>
      <ItemName>רגולדס סוכריות בטעם </ItemName>
      <ManufacturerName>לא ידוע</ManufacturerName>
      <ManufactureCountry>לא ידוע</ManufactureCountry>
      <ManufacturerItemDescription>רגולדס סוכריות בטעם </ManufacturerItemDescription>
      <UnitQty>גרמים</UnitQty>
      <Quantity>150.00</Quantity>
      <bIsWeighted>0</bIsWeighted>
      <UnitOfMeasure>100 גרם</UnitOfMeasure>
      <QtyInPackage>1</QtyInPackage>
      <ItemPrice>13.90</ItemPrice>
      <UnitOfMeasurePrice>9.27</UnitOfMeasurePrice>
      <AllowDiscount>1</AllowDiscount>
      <ItemStatus>1</ItemStatus>
    </Item>
    <Item>
      <PriceUpdateDate>2024-06-03 05:52</PriceUpdateDate>
      <ItemCode>4014600204078</ItemCode>
      <ItemType>1</ItemType>
      <ItemName>רגולדס סוכריות בפח בטעם פירות הדר 150 גר</ItemName>
      <ManufacturerName>לא ידוע</ManufacturerName>
      <ManufactureCountry>לא ידוע</ManufactureCountry>
      <ManufacturerItemDescription>רגולדס סוכריות בפח ב</ManufacturerItemDescription>
      <UnitQty>גרמים</UnitQty>
      <Quantity>150.00</Quantity>
      <bIsWeighted>0</bIsWeighted>
      <UnitOfMeasure>100 גרם</UnitOfMeasure>
      <QtyInPackage>1</QtyInPackage>
      <ItemPrice>13.90</ItemPrice>
      <UnitOfMeasurePrice>9.27</UnitOfMeasurePrice>
      <AllowDiscount>1</AllowDiscount>
      <ItemStatus>1</ItemStatus>
    </Item>
    <Item>
      <PriceUpdateDate>2025-06-11 23:00</PriceUpdateDate>
      <ItemCode>4015400219507</ItemCode>
      <ItemType>1</ItemType>
      <ItemName>טמפונים טמפקס קומפאק נורמל 16 יחידות</ItemName>
      <ManufacturerName>לא ידוע</ManufacturerName>
      <ManufactureCountry>גרמניה</ManufactureCountry>
      <ManufacturerItemDescription>טמפונים טמפקס קומפאק</ManufacturerItemDescription>
      <UnitQty>Unknown</UnitQty>
      <Quantity>0.00</Quantity>
      <bIsWeighted>0</bIsWeighted>
      <UnitOfMeasure>Unknown</UnitOfMeasure>
      <QtyInPackage>1</QtyInPackage>
      <ItemPrice>22.90</ItemPrice>
      <UnitOfMeasurePrice>22.90</UnitOfMeasurePrice>
      <AllowDiscount>1</AllowDiscount>
      <ItemStatus>1</ItemStatus>
    </Item>
    <Item>
      <PriceUpdateDate>2025-10-06 08:06</PriceUpdateDate>
      <ItemCode>4017100198151</ItemCode>
      <ItemType>1</ItemType>
      <ItemName>ביסקוויט ממולא קרם וניל היט 220 גרם</ItemName>
      <ManufacturerName>לא ידוע</ManufacturerName>
      <ManufactureCountry>לא ידוע</ManufactureCountry>
      <ManufacturerItemDescription>ביסקוויט ממולא קרם ו</ManufacturerItemDescription>
      <UnitQty>גרמים</UnitQty>
      <Quantity>220.00</Quantity>
      <bIsWeighted>0</bIsWeighted>
      <UnitOfMeasure>100 גרם</UnitOfMeasure>
      <QtyInPackage>1</QtyInPackage>
      <ItemPrice>18.50</ItemPrice>
      <UnitOfMeasurePrice>8.41</UnitOfMeasurePrice>
      <AllowDiscount>1</AllowDiscount>
      <ItemStatus>1</ItemStatus>
    </Item>
    <Item>
      <PriceUpdateDate>2025-10-03 12:37</PriceUpdateDate>
      <ItemCode>4017100219016</ItemCode>
      <ItemType>1</ItemType>
      <ItemName>פיקאפ חמישיה במילוי שוקולד מריר 140גרם</ItemName>
      <ManufacturerName>לא ידוע</ManufacturerName>
      <ManufactureCountry>לא ידוע</ManufactureCountry>
      <ManufacturerItemDescription>פיקאפ חמישיה במילוי </ManufacturerItemDescription>
      <UnitQty>גרמים</UnitQty>
      <Quantity>140.00</Quantity>
      <bIsWeighted>0</bIsWeighted>
      <UnitOfMeasure>100 גרם</UnitOfMeasure>
      <QtyInPackage>1</QtyInPackage>
      <ItemPrice>18.90</ItemPrice>
      <UnitOfMeasurePrice>13.50</UnitOfMeasurePrice>
      <AllowDiscount>1</AllowDiscount>
      <ItemStatus>1</ItemStatus>
    </Item>
    <Item>
      <PriceUpdateDate>2025-10-17 23:00</PriceUpdateDate>
      <ItemCode>4017100283390</ItemCode>
      <ItemType>1</ItemType>
      <ItemName>פיקאפ חמישיה במילוי שוקולד 140 גרם</ItemName>
      <ManufacturerName>לא ידוע</ManufacturerName>
      <ManufactureCountry>DE</ManufactureCountry>
      <ManufacturerItemDescription>פיקאפ חמישיה במילוי </ManufacturerItemDescription>
      <UnitQty>גרמים</UnitQty>
      <Quantity>140.00</Quantity>
      <bIsWeighted>0</bIsWeighted>
      <UnitOfMeasure>100 גרם</UnitOfMeasure>
      <QtyInPackage>1</QtyInPackage>
      <ItemPrice>18.90</ItemPrice>
      <UnitOfMeasurePrice>13.50</UnitOfMeasurePrice>
      <AllowDiscount>1</AllowDiscount>
      <ItemStatus>1</ItemStatus>
    </Item>
    <Item>
      <PriceUpdateDate>2025-10-17 23:00</PriceUpdateDate>
      <ItemCode>4017100283727</ItemCode>
      <ItemType>1</ItemType>
      <ItemName>פיקאפ חמישיה במילוי שוקולד וחלב 140 גרם</ItemName>
      <ManufacturerName>לא ידוע</ManufacturerName>
      <ManufactureCountry>DE</ManufactureCountry>
      <ManufacturerItemDescription>פיקאפ חמישיה במילוי </ManufacturerItemDescription>
      <UnitQty>גרמים</UnitQty>
      <Quantity>140.00</Quantity>
      <bIsWeighted>0</bIsWeighted>
      <UnitOfMeasure>100 גרם</UnitOfMeasure>
      <QtyInPackage>1</QtyInPackage>
      <ItemPrice>18.90</ItemPrice>
      <UnitOfMeasurePrice>13.50</UnitOfMeasurePrice>
      <AllowDiscount>1</AllowDiscount>
      <ItemStatus>1</ItemStatus>
    </Item>
    <Item>
      <PriceUpdateDate>2025-10-03 12:37</PriceUpdateDate>
      <ItemCode>4017100364112</ItemCode>
      <ItemType>1</ItemType>
      <ItemName>ביסקוויט ממולא קרם שוקולד היט 220 גרם</ItemName>
      <ManufacturerName>לא ידוע</ManufacturerName>
      <ManufactureCountry>לא ידוע</ManufactureCountry>
      <ManufacturerItemDescription>ביסקוויט ממולא קרם ש</ManufacturerItemDescription>
      <UnitQty>גרמים</UnitQty>
      <Quantity>220.00</Quantity>
      <bIsWeighted>0</bIsWeighted>
      <UnitOfMeasure>100 גרם</UnitOfMeasure>
      <QtyInPackage>1</QtyInPackage>
      <ItemPrice>18.50</ItemPrice>
      <UnitOfMeasurePrice>8.41</UnitOfMeasurePrice>
      <AllowDiscount>1</AllowDiscount>
      <ItemStatus>1</ItemStatus>
    </Item>
    <Item>
      <PriceUpdateDate>2024-07-17 08:32</PriceUpdateDate>
      <ItemCode>4022025379035</ItemCode>
      <ItemType>1</ItemType>
      <ItemName>בלו נאן רוזה מבעבע 750 מ"ל</ItemName>
      <ManufacturerName>לא ידוע</ManufacturerName>
      <ManufactureCountry />
      <ManufacturerItemDescription>בלו נאן רוזה מבעבע 7</ManufacturerItemDescription>
      <UnitQty>Unknown</UnitQty>
      <Quantity>0.00</Quantity>
      <bIsWeighted>0</bIsWeighted>
      <UnitOfMeasure>Unknown</UnitOfMeasure>
      <QtyInPackage>1</QtyInPackage>
      <ItemPrice>65.90</ItemPrice>
      <UnitOfMeasurePrice>65.90</UnitOfMeasurePrice>
      <AllowDiscount>1</AllowDiscount>
      <ItemStatus>1</ItemStatus>
    </Item>
    <Item>
      <PriceUpdateDate>2024-05-23 19:06</PriceUpdateDate>
      <ItemCode>4032549002043</ItemCode>
      <ItemType>1</ItemType>
      <ItemName>שימורי עגבניות שרי כבושות שלמות 680 גר</ItemName>
      <ManufacturerName>לא ידוע</ManufacturerName>
      <ManufactureCountry>מולדובה</ManufactureCountry>
      <ManufacturerItemDescription>שימורי עגבניות שרי כ</ManufacturerItemDescription>
      <UnitQty>גרמים</UnitQty>
      <Quantity>680.00</Quantity>
      <bIsWeighted>0</bIsWeighted>
      <UnitOfMeasure>100 גרם</UnitOfMeasure>
      <QtyInPackage>1</QtyInPackage>
      <ItemPrice>19.90</ItemPrice>
      <UnitOfMeasurePrice>2.93</UnitOfMeasurePrice>
      <AllowDiscount>1</AllowDiscount>
      <ItemStatus>1</ItemStatus>
    </Item>
    <Item>
      <PriceUpdateDate>2025-01-05 07:58</PriceUpdateDate>
      <ItemCode>4033100047350</ItemCode>
      <ItemType>1</ItemType>
      <ItemName>כאמל כחול טבק חפיסה</ItemName>
      <ManufacturerName>לא ידוע</ManufacturerName>
      <ManufactureCountry>לא ידוע</ManufactureCountry>
      <ManufacturerItemDescription>כאמל כחול טבק חפיסה </ManufacturerItemDescription>
      <UnitQty>יחידה</UnitQty>
      <Quantity>1.00</Quantity>
      <bIsWeighted>0</bIsWeighted>
      <UnitOfMeasure>יחידה</UnitOfMeasure>
      <QtyInPackage>1</QtyInPackage>
      <ItemPrice>100.00</ItemPrice>
      <UnitOfMeasurePrice>100.00</UnitOfMeasurePrice>
      <AllowDiscount>1</AllowDiscount>
      <ItemStatus>1</ItemStatus>
    </Item>
    <Item>
      <PriceUpdateDate>2025-01-05 08:02</PriceUpdateDate>
      <ItemCode>4043058008778</ItemCode>
      <ItemType>1</ItemType>
      <ItemName>טבק אמריקן ספיריט כחול פאוצ</ItemName>
      <ManufacturerName>לא ידוע</ManufacturerName>
      <ManufactureCountry>לא ידוע</ManufactureCountry>
      <ManufacturerItemDescription>טבק לגלגול אמריקון 3</ManufacturerItemDescription>
      <UnitQty>יחידה</UnitQty>
      <Quantity>1.00</Quantity>
      <bIsWeighted>0</bIsWeighted>
      <UnitOfMeasure>יחידה</UnitOfMeasure>
      <QtyInPackage>1</QtyInPackage>
      <ItemPrice>105.00</ItemPrice>
      <UnitOfMeasurePrice>105.00</UnitOfMeasurePrice>
      <AllowDiscount>1</AllowDiscount>
      <ItemStatus>1</ItemStatus>
    </Item>
    <Item>
      <PriceUpdateDate>2024-11-17 13:15</PriceUpdateDate>
      <ItemCode>4050191</ItemCode>
      <ItemType>1</ItemType>
      <ItemName>נקניק סלמי הונגרי</ItemName>
      <ManufacturerName>לא ידוע</ManufacturerName>
      <ManufactureCountry>לא ידוע</ManufactureCountry>
      <ManufacturerItemDescription>נקניק סלמי הונגרי   </ManufacturerItemDescription>
      <UnitQty>Unknown</UnitQty>
      <Quantity>0.00</Quantity>
      <bIsWeighted>1</bIsWeighted>
      <UnitOfMeasure>ק"ג</UnitOfMeasure>
      <QtyInPackage>0</QtyInPackage>
      <ItemPrice>210.00</ItemPrice>
      <UnitOfMeasurePrice>210.00</UnitOfMeasurePrice>
      <AllowDiscount>1</AllowDiscount>
      <ItemStatus>1</ItemStatus>
    </Item>
    <Item>
      <PriceUpdateDate>2024-11-17 10:49</PriceUpdateDate>
      <ItemCode>4050283</ItemCode>
      <ItemType>1</ItemType>
      <ItemName>פפרוני עגל במשקל</ItemName>
      <ManufacturerName>לא ידוע</ManufacturerName>
      <ManufactureCountry>לא ידוע</ManufactureCountry>
      <ManufacturerItemDescription>פפרוני עגל במשקל    </ManufacturerItemDescription>
      <UnitQty>Unknown</UnitQty>
      <Quantity>0.00</Quantity>
      <bIsWeighted>1</bIsWeighted>
      <UnitOfMeasure>ק"ג</UnitOfMeasure>
      <QtyInPackage>0</QtyInPackage>
      <ItemPrice>229.00</ItemPrice>
      <UnitOfMeasurePrice>229.00</UnitOfMeasurePrice>
      <AllowDiscount>1</AllowDiscount>
      <ItemStatus>1</ItemStatus>
    </Item>
    <Item>
      <PriceUpdateDate>2024-11-17 13:15</PriceUpdateDate>
      <ItemCode>4050597</ItemCode>
      <ItemType>1</ItemType>
      <ItemName>פרושוטו</ItemName>
      <ManufacturerName>לא ידוע</ManufacturerName>
      <ManufactureCountry>לא ידוע</ManufactureCountry>
      <ManufacturerItemDescription>פרושוטו             </ManufacturerItemDescription>
      <UnitQty>Unknown</UnitQty>
      <Quantity>0.00</Quantity>
      <bIsWeighted>1</bIsWeighted>
      <UnitOfMeasure>ק"ג</UnitOfMeasure>
      <QtyInPackage>0</QtyInPackage>
      <ItemPrice>380.00</ItemPrice>
      <UnitOfMeasurePrice>380.00</UnitOfMeasurePrice>
      <AllowDiscount>1</AllowDiscount>
      <ItemStatus>1</ItemStatus>
    </Item>
    <Item>
      <PriceUpdateDate>2024-11-17 13:15</PriceUpdateDate>
      <ItemCode>4050801</ItemCode>
      <ItemType>1</ItemType>
      <ItemName>לשון בקר איטלקי</ItemName>
      <ManufacturerName>לא ידוע</ManufacturerName>
      <ManufactureCountry>לא ידוע</ManufactureCountry>
      <ManufacturerItemDescription>לשון בקר איטלקי     </ManufacturerItemDescription>
      <UnitQty>Unknown</UnitQty>
      <Quantity>0.00</Quantity>
      <bIsWeighted>1</bIsWeighted>
      <UnitOfMeasure>ק"ג</UnitOfMeasure>
      <QtyInPackage>0</QtyInPackage>
      <ItemPrice>166.00</ItemPrice>
      <UnitOfMeasurePrice>166.00</UnitOfMeasurePrice>
      <AllowDiscount>1</AllowDiscount>
      <ItemStatus>1</ItemStatus>
    </Item>
    <Item>
      <PriceUpdateDate>2024-11-17 13:15</PriceUpdateDate>
      <ItemCode>4050894</ItemCode>
      <ItemType>1</ItemType>
      <ItemName>נקניק סלמי כפרי</ItemName>
      <ManufacturerName>לא ידוע</ManufacturerName>
      <ManufactureCountry>לא ידוע</ManufactureCountry>
      <ManufacturerItemDescription>נקניק סלמי כפרי     </ManufacturerItemDescription>
      <UnitQty>Unknown</UnitQty>
      <Quantity>0.00</Quantity>
      <bIsWeighted>1</bIsWeighted>
      <UnitOfMeasure>ק"ג</UnitOfMeasure>
      <QtyInPackage>0</QtyInPackage>
      <ItemPrice>229.00</ItemPrice>
      <UnitOfMeasurePrice>229.00</UnitOfMeasurePrice>
      <AllowDiscount>1</AllowDiscount>
      <ItemStatus>1</ItemStatus>
    </Item>
    <Item>
      <PriceUpdateDate>2025-03-03 06:56</PriceUpdateDate>
      <ItemCode>4051006</ItemCode>
      <ItemType>1</ItemType>
      <ItemName>קישקע ארוז קפוא מזרע</ItemName>
      <ManufacturerName>לא ידוע</ManufacturerName>
      <ManufactureCountry>לא ידוע</ManufactureCountry>
      <ManufacturerItemDescription>קישקע קפוא מזרע     </ManufacturerItemDescription>
      <UnitQty>Unknown</UnitQty>
      <Quantity>0.00</Quantity>
      <bIsWeighted>1</bIsWeighted>
      <UnitOfMeasure>ק"ג</UnitOfMeasure>
      <QtyInPackage>0</QtyInPackage>
      <ItemPrice>55.90</ItemPrice>
      <UnitOfMeasurePrice>55.90</UnitOfMeasurePrice>
      <AllowDiscount>1</AllowDiscount>
      <ItemStatus>1</ItemStatus>
    </Item>
    <Item>
      <PriceUpdateDate>2024-11-17 13:15</PriceUpdateDate>
      <ItemCode>4051082</ItemCode>
      <ItemType>1</ItemType>
      <ItemName>קורנביף במשקל</ItemName>
      <ManufacturerName>לא ידוע</ManufacturerName>
      <ManufactureCountry>לא ידוע</ManufactureCountry>
      <ManufacturerItemDescription>קורנביף במשקל       </ManufacturerItemDescription>
      <UnitQty>Unknown</UnitQty>
      <Quantity>0.00</Quantity>
      <bIsWeighted>1</bIsWeighted>
      <UnitOfMeasure>ק"ג</UnitOfMeasure>
      <QtyInPackage>0</QtyInPackage>
      <ItemPrice>145.00</ItemPrice>
      <UnitOfMeasurePrice>145.00</UnitOfMeasurePrice>
      <AllowDiscount>1</AllowDiscount>
      <ItemStatus>1</ItemStatus>
    </Item>
    <Item>
      <PriceUpdateDate>2024-11-17 13:15</PriceUpdateDate>
      <ItemCode>4051112</ItemCode>
      <ItemType>1</ItemType>
      <ItemName>חזה הודו מעושן במשקל</ItemName>
      <ManufacturerName>לא ידוע</ManufacturerName>
      <ManufactureCountry>לא ידוע</ManufactureCountry>
      <ManufacturerItemDescription>חזה הודו מעושן במשקל</ManufacturerItemDescription>
      <UnitQty>Unknown</UnitQty>
      <Quantity>0.00</Quantity>
      <bIsWeighted>1</bIsWeighted>
      <UnitOfMeasure>ק"ג</UnitOfMeasure>
      <QtyInPackage>0</QtyInPackage>
      <ItemPrice>109.00</ItemPrice>
      <UnitOfMeasurePrice>109.00</UnitOfMeasurePrice>
      <AllowDiscount>1</AllowDiscount>
      <ItemStatus>1</ItemStatus>
    </Item>
    <Item>
      <PriceUpdateDate>2024-11-17 13:15</PriceUpdateDate>
      <ItemCode>4051143</ItemCode>
      <ItemType>1</ItemType>
      <ItemName>חזה הודו מעושן דל שומן</ItemName>
      <ManufacturerName>לא ידוע</ManufacturerName>
      <ManufactureCountry>לא ידוע</ManufactureCountry>
      <ManufacturerItemDescription>חזה הודו מעושן דל שו</ManufacturerItemDescription>
      <UnitQty>Unknown</UnitQty>
      <Quantity>0.00</Quantity>
      <bIsWeighted>1</bIsWeighted>
      <UnitOfMeasure>ק"ג</UnitOfMeasure>
      <QtyInPackage>0</QtyInPackage>
      <ItemPrice>103.00</ItemPrice>
      <UnitOfMeasurePrice>103.00</UnitOfMeasurePrice>
      <AllowDiscount>1</AllowDiscount>
      <ItemStatus>1</ItemStatus>
    </Item>
    <Item>
      <PriceUpdateDate>2024-11-17 13:15</PriceUpdateDate>
      <ItemCode>4051174</ItemCode>
      <ItemType>1</ItemType>
      <ItemName>סרוולט אוסטרי במשקל</ItemName>
      <ManufacturerName>לא ידוע</ManufacturerName>
      <ManufactureCountry>לא ידוע</ManufactureCountry>
      <ManufacturerItemDescription>סרוולט אוסטרי       </ManufacturerItemDescription>
      <UnitQty>Unknown</UnitQty>
      <Quantity>0.00</Quantity>
      <bIsWeighted>1</bIsWeighted>
      <UnitOfMeasure>ק"ג</UnitOfMeasure>
      <QtyInPackage>0</QtyInPackage>
      <ItemPrice>227.00</ItemPrice>
      <UnitOfMeasurePrice>227.00</UnitOfMeasurePrice>
      <AllowDiscount>1</AllowDiscount>
      <ItemStatus>1</ItemStatus>
    </Item>
    <Item>
      <PriceUpdateDate>2024-11-17 13:15</PriceUpdateDate>
      <ItemCode>4051204</ItemCode>
      <ItemType>1</ItemType>
      <ItemName>פסטרמה הודו עם אווז</ItemName>
      <ManufacturerName>לא ידוע</ManufacturerName>
      <ManufactureCountry>לא ידוע</ManufactureCountry>
      <ManufacturerItemDescription>פסטרמה הודו עם אווז </ManufacturerItemDescription>
      <UnitQty>Unknown</UnitQty>
      <Quantity>0.00</Quantity>
      <bIsWeighted>1</bIsWeighted>
      <UnitOfMeasure>ק"ג</UnitOfMeasure>
      <QtyInPackage>0</QtyInPackage>
      <ItemPrice>165.00</ItemPrice>
      <UnitOfMeasurePrice>165.00</UnitOfMeasurePrice>
      <AllowDiscount>1</AllowDiscount>
      <ItemStatus>1</ItemStatus>
    </Item>
    <Item>
      <PriceUpdateDate>2024-11-17 13:15</PriceUpdateDate>
      <ItemCode>4051464</ItemCode>
      <ItemType>1</ItemType>
      <ItemName>נקניק סלמי מילאנו</ItemName>
      <ManufacturerName>לא ידוע</ManufacturerName>
      <ManufactureCountry>לא ידוע</ManufactureCountry>
      <ManufacturerItemDescription>נקניק סלמי מילאנו   </ManufacturerItemDescription>
      <UnitQty>Unknown</UnitQty>
      <Quantity>0.00</Quantity>
      <bIsWeighted>1</bIsWeighted>
      <UnitOfMeasure>ק"ג</UnitOfMeasure>
      <QtyInPackage>0</QtyInPackage>
      <ItemPrice>199.00</ItemPrice>
      <UnitOfMeasurePrice>199.00</UnitOfMeasurePrice>
      <AllowDiscount>1</AllowDiscount>
      <ItemStatus>1</ItemStatus>
    </Item>
    <Item>
      <PriceUpdateDate>2024-11-17 13:15</PriceUpdateDate>
      <ItemCode>4051563</ItemCode>
      <ItemType>1</ItemType>
      <ItemName>נקניק סלמי צרפתי</ItemName>
      <ManufacturerName>לא ידוע</ManufacturerName>
      <ManufactureCountry>לא ידוע</ManufactureCountry>
      <ManufacturerItemDescription>נקניק סלמי צרפתי    </ManufacturerItemDescription>
      <UnitQty>Unknown</UnitQty>
      <Quantity>0.00</Quantity>
      <bIsWeighted>1</bIsWeighted>
      <UnitOfMeasure>ק"ג</UnitOfMeasure>
      <QtyInPackage>0</QtyInPackage>
      <ItemPrice>210.00</ItemPrice>
      <UnitOfMeasurePrice>210.00</UnitOfMeasurePrice>
      <AllowDiscount>1</AllowDiscount>
      <ItemStatus>1</ItemStatus>
    </Item>
    <Item>
      <PriceUpdateDate>2024-11-06 08:15</PriceUpdateDate>
      <ItemCode>4051617</ItemCode>
      <ItemType>1</ItemType>
      <ItemName>נקניק סלמי רוונה במשקל</ItemName>
      <ManufacturerName>לא ידוע</ManufacturerName>
      <ManufactureCountry>לא ידוע</ManufactureCountry>
      <ManufacturerItemDescription>נקניק סלמי רוונה    </ManufacturerItemDescription>
      <UnitQty>Unknown</UnitQty>
      <Quantity>0.00</Quantity>
      <bIsWeighted>1</bIsWeighted>
      <UnitOfMeasure>ק"ג</UnitOfMeasure>
      <QtyInPackage>0</QtyInPackage>
      <ItemPrice>130.00</ItemPrice>
      <UnitOfMeasurePrice>130.00</UnitOfMeasurePrice>
      <AllowDiscount>1</AllowDiscount>
      <ItemStatus>1</ItemStatus>
    </Item>
    <Item>
      <PriceUpdateDate>2024-11-17 13:15</PriceUpdateDate>
      <ItemCode>4051785</ItemCode>
      <ItemType>1</ItemType>
      <ItemName>מורטדלה איטלקית</ItemName>
      <ManufacturerName>לא ידוע</ManufacturerName>
      <ManufactureCountry>לא ידוע</ManufactureCountry>
      <ManufacturerItemDescription>מורטדלה איטלקית     </ManufacturerItemDescription>
      <UnitQty>Unknown</UnitQty>
      <Quantity>0.00</Quantity>
      <bIsWeighted>1</bIsWeighted>
      <UnitOfMeasure>ק"ג</UnitOfMeasure>
      <QtyInPackage>0</QtyInPackage>
      <ItemPrice>85.00</ItemPrice>
      <UnitOfMeasurePrice>85.00</UnitOfMeasurePrice>
      <AllowDiscount>1</AllowDiscount>
      <ItemStatus>1</ItemStatus>
    </Item>
    <Item>
      <PriceUpdateDate>2024-11-17 13:15</PriceUpdateDate>
      <ItemCode>4052188</ItemCode>
      <ItemType>1</ItemType>
      <ItemName>חזה הודו מעושן בגריל במשקל</ItemName>
      <ManufacturerName>לא ידוע</ManufacturerName>
      <ManufactureCountry>לא ידוע</ManufactureCountry>
      <ManufacturerItemDescription>חזה הודו מעושן בגריל</ManufacturerItemDescription>
      <UnitQty>Unknown</UnitQty>
      <Quantity>0.00</Quantity>
      <bIsWeighted>1</bIsWeighted>
      <UnitOfMeasure>ק"ג</UnitOfMeasure>
      <QtyInPackage>0</QtyInPackage>
      <ItemPrice>103.00</ItemPrice>
      <UnitOfMeasurePrice>103.00</UnitOfMeasurePrice>
      <AllowDiscount>1</AllowDiscount>
      <ItemStatus>1</ItemStatus>
    </Item>
    <Item>
      <PriceUpdateDate>2024-01-08 10:29</PriceUpdateDate>
      <ItemCode>4052197004459</ItemCode>
      <ItemType>1</ItemType>
      <ItemName>בירה בנדקטינר דונקל 500 פחית</ItemName>
      <ManufacturerName>לא ידוע</ManufacturerName>
      <ManufactureCountry>גרמניה</ManufactureCountry>
      <ManufacturerItemDescription>בירה בנדקטינר דונקל </ManufacturerItemDescription>
      <UnitQty>מיליליטרים</UnitQty>
      <Quantity>500.00</Quantity>
      <bIsWeighted>0</bIsWeighted>
      <UnitOfMeasure>100 מ"ל</UnitOfMeasure>
      <QtyInPackage>1</QtyInPackage>
      <ItemPrice>11.50</ItemPrice>
      <UnitOfMeasurePrice>2.30</UnitOfMeasurePrice>
      <AllowDiscount>1</AllowDiscount>
      <ItemStatus>1</ItemStatus>
    </Item>
    <Item>
      <PriceUpdateDate>2024-01-06 20:17</PriceUpdateDate>
      <ItemCode>4052197005272</ItemCode>
      <ItemType>1</ItemType>
      <ItemName>בירה בנדיקטינר לאגר 500 מ"ל פחית</ItemName>
      <ManufacturerName>לא ידוע</ManufacturerName>
      <ManufactureCountry>לא ידוע</ManufactureCountry>
      <ManufacturerItemDescription>בירה בנדיקטינר לאגר </ManufacturerItemDescription>
      <UnitQty>מיליליטרים</UnitQty>
      <Quantity>500.00</Quantity>
      <bIsWeighted>0</bIsWeighted>
      <UnitOfMeasure>100 מ"ל</UnitOfMeasure>
      <QtyInPackage>1</QtyInPackage>
      <ItemPrice>11.50</ItemPrice>
      <UnitOfMeasurePrice>2.30</UnitOfMeasurePrice>
      <AllowDiscount>1</AllowDiscount>
      <ItemStatus>1</ItemStatus>
    </Item>
    <Item>
      <PriceUpdateDate>2024-11-17 13:15</PriceUpdateDate>
      <ItemCode>4052348</ItemCode>
      <ItemType>1</ItemType>
      <ItemName>קבנוס מזרע</ItemName>
      <ManufacturerName>לא ידוע</ManufacturerName>
      <ManufactureCountry>לא ידוע</ManufactureCountry>
      <ManufacturerItemDescription>קבנוס מזרע          </ManufacturerItemDescription>
      <UnitQty>Unknown</UnitQty>
      <Quantity>0.00</Quantity>
      <bIsWeighted>1</bIsWeighted>
      <UnitOfMeasure>ק"ג</UnitOfMeasure>
      <QtyInPackage>0</QtyInPackage>
      <ItemPrice>135.00</ItemPrice>
      <UnitOfMeasurePrice>135.00</UnitOfMeasurePrice>
      <AllowDiscount>1</AllowDiscount>
      <ItemStatus>1</ItemStatus>
    </Item>
    <Item>
      <PriceUpdateDate>2024-11-17 13:15</PriceUpdateDate>
      <ItemCode>4052386</ItemCode>
      <ItemType>1</ItemType>
      <ItemName>פסטרמה אסאדו לבן במשקל</ItemName>
      <ManufacturerName>לא ידוע</ManufacturerName>
      <ManufactureCountry>לא ידוע</ManufactureCountry>
      <ManufacturerItemDescription>פסטרמה אסאדו לבן במש</ManufacturerItemDescription>
      <UnitQty>Unknown</UnitQty>
      <Quantity>0.00</Quantity>
      <bIsWeighted>1</bIsWeighted>
      <UnitOfMeasure>ק"ג</UnitOfMeasure>
      <QtyInPackage>0</QtyInPackage>
      <ItemPrice>159.00</ItemPrice>
      <UnitOfMeasurePrice>159.00</UnitOfMeasurePrice>
      <AllowDiscount>1</AllowDiscount>
      <ItemStatus>1</ItemStatus>
    </Item>
    <Item>
      <PriceUpdateDate>2024-11-17 13:15</PriceUpdateDate>
      <ItemCode>4052423</ItemCode>
      <ItemType>1</ItemType>
      <ItemName>ברזאולה</ItemName>
      <ManufacturerName>לא ידוע</ManufacturerName>
      <ManufactureCountry>לא ידוע</ManufactureCountry>
      <ManufacturerItemDescription>ברזאולה             </ManufacturerItemDescription>
      <UnitQty>Unknown</UnitQty>
      <Quantity>0.00</Quantity>
      <bIsWeighted>1</bIsWeighted>
      <UnitOfMeasure>ק"ג</UnitOfMeasure>
      <QtyInPackage>0</QtyInPackage>
      <ItemPrice>349.00</ItemPrice>
      <UnitOfMeasurePrice>349.00</UnitOfMeasurePrice>
      <AllowDiscount>1</AllowDiscount>
      <ItemStatus>1</ItemStatus>
    </Item>
    <Item>
      <PriceUpdateDate>2024-11-17 13:15</PriceUpdateDate>
      <ItemCode>4052652</ItemCode>
      <ItemType>1</ItemType>
      <ItemName>רו בייקון במשקל</ItemName>
      <ManufacturerName>לא ידוע</ManufacturerName>
      <ManufactureCountry>לא ידוע</ManufactureCountry>
      <ManufacturerItemDescription>רו בייקון במשקל     </ManufacturerItemDescription>
      <UnitQty>Unknown</UnitQty>
      <Quantity>0.00</Quantity>
      <bIsWeighted>1</bIsWeighted>
      <UnitOfMeasure>ק"ג</UnitOfMeasure>
      <QtyInPackage>0</QtyInPackage>
      <ItemPrice>310.00</ItemPrice>
      <UnitOfMeasurePrice>310.00</UnitOfMeasurePrice>
      <AllowDiscount>1</AllowDiscount>
      <ItemStatus>1</ItemStatus>
    </Item>
    <Item>
      <PriceUpdateDate>2024-11-17 13:15</PriceUpdateDate>
      <ItemCode>4052775</ItemCode>
      <ItemType>1</ItemType>
      <ItemName>נקניקיות 100 פרנקפורטר</ItemName>
      <ManufacturerName>לא ידוע</ManufacturerName>
      <ManufactureCountry>לא ידוע</ManufactureCountry>
      <ManufacturerItemDescription>נקניקיות 100 פרנקפור</ManufacturerItemDescription>
      <UnitQty>Unknown</UnitQty>
      <Quantity>0.00</Quantity>
      <bIsWeighted>1</bIsWeighted>
      <UnitOfMeasure>ק"ג</UnitOfMeasure>
      <QtyInPackage>0</QtyInPackage>
      <ItemPrice>78.00</ItemPrice>
      <UnitOfMeasurePrice>78.00</UnitOfMeasurePrice>
      <AllowDiscount>1</AllowDiscount>
      <ItemStatus>1</ItemStatus>
    </Item>
    <Item>
      <PriceUpdateDate>2024-11-17 13:15</PriceUpdateDate>
      <ItemCode>4052966</ItemCode>
      <ItemType>1</ItemType>
      <ItemName>נקניק תה רחב במשקל</ItemName>
      <ManufacturerName>לא ידוע</ManufacturerName>
      <ManufactureCountry>לא ידוע</ManufactureCountry>
      <ManufacturerItemDescription>נקניק תה במשקל      </ManufacturerItemDescription>
      <UnitQty>Unknown</UnitQty>
      <Quantity>0.00</Quantity>
      <bIsWeighted>1</bIsWeighted>
      <UnitOfMeasure>ק"ג</UnitOfMeasure>
      <QtyInPackage>0</QtyInPackage>
      <ItemPrice>75.00</ItemPrice>
      <UnitOfMeasurePrice>75.00</UnitOfMeasurePrice>
      <AllowDiscount>1</AllowDiscount>
      <ItemStatus>1</ItemStatus>
    </Item>
    <Item>
      <PriceUpdateDate>2024-11-17 13:15</PriceUpdateDate>
      <ItemCode>4053000</ItemCode>
      <ItemType>1</ItemType>
      <ItemName>נקניק רו סרוולט</ItemName>
      <ManufacturerName>לא ידוע</ManufacturerName>
      <ManufactureCountry>לא ידוע</ManufactureCountry>
      <ManufacturerItemDescription>נקניק רו סרוולט     </ManufacturerItemDescription>
      <UnitQty>Unknown</UnitQty>
      <Quantity>0.00</Quantity>
      <bIsWeighted>1</bIsWeighted>
      <UnitOfMeasure>ק"ג</UnitOfMeasure>
      <QtyInPackage>0</QtyInPackage>
      <ItemPrice>210.00</ItemPrice>
      <UnitOfMeasurePrice>210.00</UnitOfMeasurePrice>
      <AllowDiscount>1</AllowDiscount>
      <ItemStatus>1</ItemStatus>
    </Item>
    <Item>
      <PriceUpdateDate>2024-11-17 13:15</PriceUpdateDate>
      <ItemCode>4053017</ItemCode>
      <ItemType>1</ItemType>
      <ItemName>נקניק סלמי הרץ מזרע</ItemName>
      <ManufacturerName>לא ידוע</ManufacturerName>
      <ManufactureCountry>לא ידוע</ManufactureCountry>
      <ManufacturerItemDescription>נקניק סלמי הרץ מזרע </ManufacturerItemDescription>
      <UnitQty>Unknown</UnitQty>
      <Quantity>0.00</Quantity>
      <bIsWeighted>1</bIsWeighted>
      <UnitOfMeasure>ק"ג</UnitOfMeasure>
      <QtyInPackage>0</QtyInPackage>
      <ItemPrice>199.00</ItemPrice>
      <UnitOfMeasurePrice>199.00</UnitOfMeasurePrice>
      <AllowDiscount>1</AllowDiscount>
      <ItemStatus>1</ItemStatus>
    </Item>
    <Item>
      <PriceUpdateDate>2024-11-17 13:15</PriceUpdateDate>
      <ItemCode>4053024</ItemCode>
      <ItemType>1</ItemType>
      <ItemName>נקניק פפרוני</ItemName>
      <ManufacturerName>לא ידוע</ManufacturerName>
      <ManufactureCountry>לא ידוע</ManufactureCountry>
      <ManufacturerItemDescription>נקניק פפרוני        </ManufacturerItemDescription>
      <UnitQty>Unknown</UnitQty>
      <Quantity>0.00</Quantity>
      <bIsWeighted>1</bIsWeighted>
      <UnitOfMeasure>ק"ג</UnitOfMeasure>
      <QtyInPackage>0</QtyInPackage>
      <ItemPrice>210.00</ItemPrice>
      <UnitOfMeasurePrice>210.00</UnitOfMeasurePrice>
      <AllowDiscount>1</AllowDiscount>
      <ItemStatus>1</ItemStatus>
    </Item>
    <Item>
      <PriceUpdateDate>2024-11-17 13:15</PriceUpdateDate>
      <ItemCode>4053215</ItemCode>
      <ItemType>1</ItemType>
      <ItemName>פסטרמה על האש</ItemName>
      <ManufacturerName>לא ידוע</ManufacturerName>
      <ManufactureCountry>לא ידוע</ManufactureCountry>
      <ManufacturerItemDescription>פסטרמה על האש       </ManufacturerItemDescription>
      <UnitQty>Unknown</UnitQty>
      <Quantity>0.00</Quantity>
      <bIsWeighted>1</bIsWeighted>
      <UnitOfMeasure>ק"ג</UnitOfMeasure>
      <QtyInPackage>0</QtyInPackage>
      <ItemPrice>155.00</ItemPrice>
      <UnitOfMeasurePrice>155.00</UnitOfMeasurePrice>
      <AllowDiscount>1</AllowDiscount>
      <ItemStatus>1</ItemStatus>
    </Item>
    <Item>
      <PriceUpdateDate>2024-11-17 13:15</PriceUpdateDate>
      <ItemCode>4053710</ItemCode>
      <ItemType>1</ItemType>
      <ItemName>פסטרמה חזה הודו מקסיקני</ItemName>
      <ManufacturerName>לא ידוע</ManufacturerName>
      <ManufactureCountry>לא ידוע</ManufactureCountry>
      <ManufacturerItemDescription>פסטרמה חזה הודו     </ManufacturerItemDescription>
      <UnitQty>Unknown</UnitQty>
      <Quantity>0.00</Quantity>
      <bIsWeighted>1</bIsWeighted>
      <UnitOfMeasure>ק"ג</UnitOfMeasure>
      <QtyInPackage>0</QtyInPackage>
      <ItemPrice>103.00</ItemPrice>
      <UnitOfMeasurePrice>103.00</UnitOfMeasurePrice>
      <AllowDiscount>1</AllowDiscount>
      <ItemStatus>1</ItemStatus>
    </Item>
    <Item>
      <PriceUpdateDate>2024-11-17 13:15</PriceUpdateDate>
      <ItemCode>4053918</ItemCode>
      <ItemType>1</ItemType>
      <ItemName>כתף בקר מעושנת במשקל</ItemName>
      <ManufacturerName>לא ידוע</ManufacturerName>
      <ManufactureCountry>לא ידוע</ManufactureCountry>
      <ManufacturerItemDescription>כתף בקר מעושנת במשקל</ManufacturerItemDescription>
      <UnitQty>Unknown</UnitQty>
      <Quantity>0.00</Quantity>
      <bIsWeighted>1</bIsWeighted>
      <UnitOfMeasure>ק"ג</UnitOfMeasure>
      <QtyInPackage>0</QtyInPackage>
      <ItemPrice>155.00</ItemPrice>
      <UnitOfMeasurePrice>155.00</UnitOfMeasurePrice>
      <AllowDiscount>1</AllowDiscount>
      <ItemStatus>1</ItemStatus>
    </Item>
    <Item>
      <PriceUpdateDate>2024-11-17 13:15</PriceUpdateDate>
      <ItemCode>4054014</ItemCode>
      <ItemType>1</ItemType>
      <ItemName>שינקן מעושן במשקל</ItemName>
      <ManufacturerName>לא ידוע</ManufacturerName>
      <ManufactureCountry>לא ידוע</ManufactureCountry>
      <ManufacturerItemDescription>שינקן מעושן במשקל   </ManufacturerItemDescription>
      <UnitQty>Unknown</UnitQty>
      <Quantity>0.00</Quantity>
      <bIsWeighted>1</bIsWeighted>
      <UnitOfMeasure>ק"ג</UnitOfMeasure>
      <QtyInPackage>0</QtyInPackage>
      <ItemPrice>145.00</ItemPrice>
      <UnitOfMeasurePrice>145.00</UnitOfMeasurePrice>
      <AllowDiscount>1</AllowDiscount>
      <ItemStatus>1</ItemStatus>
    </Item>
    <Item>
      <PriceUpdateDate>2024-11-17 13:15</PriceUpdateDate>
      <ItemCode>4054021</ItemCode>
      <ItemType>1</ItemType>
      <ItemName>שינקן פולני פולני חצי במשקל</ItemName>
      <ManufacturerName>לא ידוע</ManufacturerName>
      <ManufactureCountry>לא ידוע</ManufactureCountry>
      <ManufacturerItemDescription>שינקן פולני במשקל   </ManufacturerItemDescription>
      <UnitQty>Unknown</UnitQty>
      <Quantity>0.00</Quantity>
      <bIsWeighted>1</bIsWeighted>
      <UnitOfMeasure>ק"ג</UnitOfMeasure>
      <QtyInPackage>0</QtyInPackage>
      <ItemPrice>140.00</ItemPrice>
      <UnitOfMeasurePrice>140.00</UnitOfMeasurePrice>
      <AllowDiscount>1</AllowDiscount>
      <ItemStatus>1</ItemStatus>
    </Item>
    <Item>
      <PriceUpdateDate>2024-11-17 13:15</PriceUpdateDate>
      <ItemCode>4054038</ItemCode>
      <ItemType>1</ItemType>
      <ItemName>שינקן צועני במשקל</ItemName>
      <ManufacturerName>לא ידוע</ManufacturerName>
      <ManufactureCountry>לא ידוע</ManufactureCountry>
      <ManufacturerItemDescription>שינקן צועני במשקל   </ManufacturerItemDescription>
      <UnitQty>Unknown</UnitQty>
      <Quantity>0.00</Quantity>
      <bIsWeighted>1</bIsWeighted>
      <UnitOfMeasure>ק"ג</UnitOfMeasure>
      <QtyInPackage>0</QtyInPackage>
      <ItemPrice>140.00</ItemPrice>
      <UnitOfMeasurePrice>140.00</UnitOfMeasurePrice>
      <AllowDiscount>1</AllowDiscount>
      <ItemStatus>1</ItemStatus>
    </Item>
    <Item>
      <PriceUpdateDate>2024-11-06 08:14</PriceUpdateDate>
      <ItemCode>4054953</ItemCode>
      <ItemType>1</ItemType>
      <ItemName>סרוולט איטלקי</ItemName>
      <ManufacturerName>לא ידוע</ManufacturerName>
      <ManufactureCountry>לא ידוע</ManufactureCountry>
      <ManufacturerItemDescription>סרוולט איטלקי       </ManufacturerItemDescription>
      <UnitQty>Unknown</UnitQty>
      <Quantity>0.00</Quantity>
      <bIsWeighted>1</bIsWeighted>
      <UnitOfMeasure>ק"ג</UnitOfMeasure>
      <QtyInPackage>0</QtyInPackage>
      <ItemPrice>130.00</ItemPrice>
      <UnitOfMeasurePrice>130.00</UnitOfMeasurePrice>
      <AllowDiscount>1</AllowDiscount>
      <ItemStatus>1</ItemStatus>
    </Item>
    <Item>
      <PriceUpdateDate>2024-09-12 09:33</PriceUpdateDate>
      <ItemCode>4055103</ItemCode>
      <ItemType>1</ItemType>
      <ItemName>נקניקיות עגל במשקל</ItemName>
      <ManufacturerName>לא ידוע</ManufacturerName>
      <ManufactureCountry>לא ידוע</ManufactureCountry>
      <ManufacturerItemDescription>נקניקיות עגל במשקל  </ManufacturerItemDescription>
      <UnitQty>Unknown</UnitQty>
      <Quantity>0.00</Quantity>
      <bIsWeighted>1</bIsWeighted>
      <UnitOfMeasure>ק"ג</UnitOfMeasure>
      <QtyInPackage>0</QtyInPackage>
      <ItemPrice>59.90</ItemPrice>
      <UnitOfMeasurePrice>59.90</UnitOfMeasurePrice>
      <AllowDiscount>1</AllowDiscount>
      <ItemStatus>1</ItemStatus>
    </Item>
    <Item>
      <PriceUpdateDate>2024-11-17 13:15</PriceUpdateDate>
      <ItemCode>4055479</ItemCode>
      <ItemType>1</ItemType>
      <ItemName>פסטרמה בקר בפלפל</ItemName>
      <ManufacturerName>לא ידוע</ManufacturerName>
      <ManufactureCountry>לא ידוע</ManufactureCountry>
      <ManufacturerItemDescription>פסטרמה בקר בפלפל    </ManufacturerItemDescription>
      <UnitQty>Unknown</UnitQty>
      <Quantity>0.00</Quantity>
      <bIsWeighted>1</bIsWeighted>
      <UnitOfMeasure>ק"ג</UnitOfMeasure>
      <QtyInPackage>0</QtyInPackage>
      <ItemPrice>155.00</ItemPrice>
      <UnitOfMeasurePrice>155.00</UnitOfMeasurePrice>
      <AllowDiscount>1</AllowDiscount>
      <ItemStatus>1</ItemStatus>
    </Item>
    <Item>
      <PriceUpdateDate>2024-11-17 13:15</PriceUpdateDate>
      <ItemCode>4055608</ItemCode>
      <ItemType>1</ItemType>
      <ItemName>פריזר איטלקי</ItemName>
      <ManufacturerName>לא ידוע</ManufacturerName>
      <ManufactureCountry>לא ידוע</ManufactureCountry>
      <ManufacturerItemDescription>פריזר איטלקי        </ManufacturerItemDescription>
      <UnitQty>Unknown</UnitQty>
      <Quantity>0.00</Quantity>
      <bIsWeighted>1</bIsWeighted>
      <UnitOfMeasure>ק"ג</UnitOfMeasure>
      <QtyInPackage>0</QtyInPackage>
      <ItemPrice>77.00</ItemPrice>
      <UnitOfMeasurePrice>77.00</UnitOfMeasurePrice>
      <AllowDiscount>1</AllowDiscount>
      <ItemStatus>1</ItemStatus>
    </Item>
    <Item>
      <PriceUpdateDate>2024-11-06 08:15</PriceUpdateDate>
      <ItemCode>4055769</ItemCode>
      <ItemType>1</ItemType>
      <ItemName>נקניק לוביטליסקיה</ItemName>
      <ManufacturerName>לא ידוע</ManufacturerName>
      <ManufactureCountry>לא ידוע</ManufactureCountry>
      <ManufacturerItemDescription>נקניק לוביטליסקיה   </ManufacturerItemDescription>
      <UnitQty>Unknown</UnitQty>
      <Quantity>0.00</Quantity>
      <bIsWeighted>1</bIsWeighted>
      <UnitOfMeasure>ק"ג</UnitOfMeasure>
      <QtyInPackage>0</QtyInPackage>
      <ItemPrice>125.00</ItemPrice>
      <UnitOfMeasurePrice>125.00</UnitOfMeasurePrice>
      <AllowDiscount>1</AllowDiscount>
      <ItemStatus>1</ItemStatus>
    </Item>
    <Item>
      <PriceUpdateDate>2024-11-17 13:15</PriceUpdateDate>
      <ItemCode>4055813</ItemCode>
      <ItemType>1</ItemType>
      <ItemName>נקניק טורו מבשר בקר</ItemName>
      <ManufacturerName>לא ידוע</ManufacturerName>
      <ManufactureCountry>לא ידוע</ManufactureCountry>
      <ManufacturerItemDescription>נקניק טורו מבשר בקר </ManufacturerItemDescription>
      <UnitQty>Unknown</UnitQty>
      <Quantity>0.00</Quantity>
      <bIsWeighted>1</bIsWeighted>
      <UnitOfMeasure>ק"ג</UnitOfMeasure>
      <QtyInPackage>0</QtyInPackage>
      <ItemPrice>199.00</ItemPrice>
      <UnitOfMeasurePrice>199.00</UnitOfMeasurePrice>
      <AllowDiscount>1</AllowDiscount>
      <ItemStatus>1</ItemStatus>
    </Item>
    <Item>
      <PriceUpdateDate>2025-03-25 07:08</PriceUpdateDate>
      <ItemCode>4061445096726</ItemCode>
      <ItemType>1</ItemType>
      <ItemName>קפה דוידוף מגורען 100 גר RICH AROMA</ItemName>
      <ManufacturerName>לא ידוע</ManufacturerName>
      <ManufactureCountry>קולומביה</ManufactureCountry>
      <ManufacturerItemDescription>קפה דווידוף ריץ ארומ</ManufacturerItemDescription>
      <UnitQty>גרמים</UnitQty>
      <Quantity>100.00</Quantity>
      <bIsWeighted>0</bIsWeighted>
      <UnitOfMeasure>100 גרם</UnitOfMeasure>
      <QtyInPackage>1</QtyInPackage>
      <ItemPrice>38.90</ItemPrice>
      <UnitOfMeasurePrice>38.90</UnitOfMeasurePrice>
      <AllowDiscount>1</AllowDiscount>
      <ItemStatus>1</ItemStatus>
    </Item>
    <Item>
      <PriceUpdateDate>2025-03-11 08:18</PriceUpdateDate>
      <ItemCode>4061445226703</ItemCode>
      <ItemType>1</ItemType>
      <ItemName>קפסולות דווידוף אספרסו 55 גר 10 יח</ItemName>
      <ManufacturerName>לא ידוע</ManufacturerName>
      <ManufactureCountry />
      <ManufacturerItemDescription>קפסולות דווידוף פיין</ManufacturerItemDescription>
      <UnitQty>גרמים</UnitQty>
      <Quantity>55.00</Quantity>
      <bIsWeighted>0</bIsWeighted>
      <UnitOfMeasure>100 גרם</UnitOfMeasure>
      <QtyInPackage>1</QtyInPackage>
      <ItemPrice>26.90</ItemPrice>
      <UnitOfMeasurePrice>48.91</UnitOfMeasurePrice>
      <AllowDiscount>1</AllowDiscount>
      <ItemStatus>1</ItemStatus>
    </Item>
    <Item>
      <PriceUpdateDate>2025-03-25 06:54</PriceUpdateDate>
      <ItemCode>4062400170208</ItemCode>
      <ItemType>1</ItemType>
      <ItemName>טקילה סיירה סילבר 700 מ"ל</ItemName>
      <ManufacturerName>לא ידוע</ManufacturerName>
      <ManufactureCountry>לא ידוע</ManufactureCountry>
      <ManufacturerItemDescription>טקילה סיירה סילבר 70</ManufacturerItemDescription>
      <UnitQty>מיליליטרים</UnitQty>
      <Quantity>700.00</Quantity>
      <bIsWeighted>0</bIsWeighted>
      <UnitOfMeasure>100 מ"ל</UnitOfMeasure>
      <QtyInPackage>1</QtyInPackage>
      <ItemPrice>108.90</ItemPrice>
      <UnitOfMeasurePrice>15.56</UnitOfMeasurePrice>
      <AllowDiscount>1</AllowDiscount>
      <ItemStatus>1</ItemStatus>
    </Item>
    <Item>
      <PriceUpdateDate>2025-03-25 07:08</PriceUpdateDate>
      <ItemCode>4062400170307</ItemCode>
      <ItemType>1</ItemType>
      <ItemName>טקילה סיירה רפוסאדו 700 מ"ל</ItemName>
      <ManufacturerName>לא ידוע</ManufacturerName>
      <ManufactureCountry>לא ידוע</ManufactureCountry>
      <ManufacturerItemDescription>טקילה סיירה רפוסאדו </ManufacturerItemDescription>
      <UnitQty>מיליליטרים</UnitQty>
      <Quantity>700.00</Quantity>
      <bIsWeighted>0</bIsWeighted>
      <UnitOfMeasure>100 מ"ל</UnitOfMeasure>
      <QtyInPackage>1</QtyInPackage>
      <ItemPrice>108.90</ItemPrice>
      <UnitOfMeasurePrice>15.56</UnitOfMeasurePrice>
      <AllowDiscount>1</AllowDiscount>
      <ItemStatus>1</ItemStatus>
    </Item>
    <Item>
      <PriceUpdateDate>2025-01-30 07:57</PriceUpdateDate>
      <ItemCode>4066600999614</ItemCode>
      <ItemType>1</ItemType>
      <ItemName>בירה פאולנר חיטה 500 מ"ל בקובק</ItemName>
      <ManufacturerName>לא ידוע</ManufacturerName>
      <ManufactureCountry>לא ידוע</ManufactureCountry>
      <ManufacturerItemDescription>בירה פאולנר חיטה 500</ManufacturerItemDescription>
      <UnitQty>מיליליטרים</UnitQty>
      <Quantity>500.00</Quantity>
      <bIsWeighted>0</bIsWeighted>
      <UnitOfMeasure>100 מ"ל</UnitOfMeasure>
      <QtyInPackage>1</QtyInPackage>
      <ItemPrice>13.90</ItemPrice>
      <UnitOfMeasurePrice>2.78</UnitOfMeasurePrice>
      <AllowDiscount>1</AllowDiscount>
      <ItemStatus>1</ItemStatus>
    </Item>
    <Item>
      <PriceUpdateDate>2025-09-16 12:35</PriceUpdateDate>
      <ItemCode>4072700001171</ItemCode>
      <ItemType>1</ItemType>
      <ItemName>בירה ספאטן מינכן בקבוק 500 מל</ItemName>
      <ManufacturerName>לא ידוע</ManufacturerName>
      <ManufactureCountry>לא ידוע</ManufactureCountry>
      <ManufacturerItemDescription>בירה ספאטן לאגר בקבו</ManufacturerItemDescription>
      <UnitQty>מיליליטרים</UnitQty>
      <Quantity>500.00</Quantity>
      <bIsWeighted>0</bIsWeighted>
      <UnitOfMeasure>100 מ"ל</UnitOfMeasure>
      <QtyInPackage>1</QtyInPackage>
      <ItemPrice>15.90</ItemPrice>
      <UnitOfMeasurePrice>3.18</UnitOfMeasurePrice>
      <AllowDiscount>1</AllowDiscount>
      <ItemStatus>1</ItemStatus>
    </Item>
    <Item>
      <PriceUpdateDate>2023-01-12 17:46</PriceUpdateDate>
      <ItemCode>4084500088917</ItemCode>
      <ItemType>1</ItemType>
      <ItemName>נוזל כלים פיירי לימון 650 מ"ל</ItemName>
      <ManufacturerName>לא ידוע</ManufacturerName>
      <ManufactureCountry>לא ידוע</ManufactureCountry>
      <ManufacturerItemDescription>נוזל כלים פיירי לימו</ManufacturerItemDescription>
      <UnitQty>מיליליטרים</UnitQty>
      <Quantity>650.00</Quantity>
      <bIsWeighted>0</bIsWeighted>
      <UnitOfMeasure>100 מ"ל</UnitOfMeasure>
      <QtyInPackage>1</QtyInPackage>
      <ItemPrice>13.90</ItemPrice>
      <UnitOfMeasurePrice>2.14</UnitOfMeasurePrice>
      <AllowDiscount>1</AllowDiscount>
      <ItemStatus>1</ItemStatus>
    </Item>
    <Item>
      <PriceUpdateDate>2024-03-26 17:46</PriceUpdateDate>
      <ItemCode>41001356</ItemCode>
      <ItemType>1</ItemType>
      <ItemName>בירה בקס פחית 500 מ"ל</ItemName>
      <ManufacturerName>לא ידוע</ManufacturerName>
      <ManufactureCountry>לא ידוע</ManufactureCountry>
      <ManufacturerItemDescription>בירה בקס פחית 500 מ"</ManufacturerItemDescription>
      <UnitQty>מיליליטרים</UnitQty>
      <Quantity>500.00</Quantity>
      <bIsWeighted>0</bIsWeighted>
      <UnitOfMeasure>100 מ"ל</UnitOfMeasure>
      <QtyInPackage>1</QtyInPackage>
      <ItemPrice>11.90</ItemPrice>
      <UnitOfMeasurePrice>2.38</UnitOfMeasurePrice>
      <AllowDiscount>1</AllowDiscount>
      <ItemStatus>1</ItemStatus>
    </Item>
    <Item>
      <PriceUpdateDate>2024-11-28 07:58</PriceUpdateDate>
      <ItemCode>4100470106700</ItemCode>
      <ItemType>1</ItemType>
      <ItemName>חומץ תפוחים אורגני 750 מל</ItemName>
      <ManufacturerName>לא ידוע</ManufacturerName>
      <ManufactureCountry>לא ידוע</ManufactureCountry>
      <ManufacturerItemDescription>חומץ תפוחים אורגני 7</ManufacturerItemDescription>
      <UnitQty>מיליליטרים</UnitQty>
      <Quantity>750.00</Quantity>
      <bIsWeighted>0</bIsWeighted>
      <UnitOfMeasure>100 מ"ל</UnitOfMeasure>
      <QtyInPackage>1</QtyInPackage>
      <ItemPrice>26.90</ItemPrice>
      <UnitOfMeasurePrice>3.59</UnitOfMeasurePrice>
      <AllowDiscount>1</AllowDiscount>
      <ItemStatus>1</ItemStatus>
    </Item>
    <Item>
      <PriceUpdateDate>2025-11-14 09:53</PriceUpdateDate>
      <ItemCode>4101540707933</ItemCode>
      <ItemType>1</ItemType>
      <ItemName>עוגת שטולן עשירה עם מרצפן 450 גר</ItemName>
      <ManufacturerName>לא ידוע</ManufacturerName>
      <ManufactureCountry />
      <ManufacturerItemDescription>עוגת שטולן עשירה עם </ManufacturerItemDescription>
      <UnitQty>גרמים</UnitQty>
      <Quantity>450.00</Quantity>
      <bIsWeighted>0</bIsWeighted>
      <UnitOfMeasure>100 גרם</UnitOfMeasure>
      <QtyInPackage>1</QtyInPackage>
      <ItemPrice>31.90</ItemPrice>
      <UnitOfMeasurePrice>7.09</UnitOfMeasurePrice>
      <AllowDiscount>1</AllowDiscount>
      <ItemStatus>1</ItemStatus>
    </Item>
    <Item>
      <PriceUpdateDate>2023-03-24 14:43</PriceUpdateDate>
      <ItemCode>4102430015305</ItemCode>
      <ItemType>1</ItemType>
      <ItemName>בירה ביטבורגר 5% 330 מ"ל</ItemName>
      <ManufacturerName>לא ידוע</ManufacturerName>
      <ManufactureCountry>לא ידוע</ManufactureCountry>
      <ManufacturerItemDescription>בירה ביטבורגר 5% 330</ManufacturerItemDescription>
      <UnitQty>מיליליטרים</UnitQty>
      <Quantity>330.00</Quantity>
      <bIsWeighted>0</bIsWeighted>
      <UnitOfMeasure>100 מ"ל</UnitOfMeasure>
      <QtyInPackage>1</QtyInPackage>
      <ItemPrice>8.90</ItemPrice>
      <UnitOfMeasurePrice>2.70</UnitOfMeasurePrice>
      <AllowDiscount>1</AllowDiscount>
      <ItemStatus>1</ItemStatus>
    </Item>
    <Item>
      <PriceUpdateDate>2024-07-07 16:48</PriceUpdateDate>
      <ItemCode>41024355</ItemCode>
      <ItemType>1</ItemType>
      <ItemName>בירה ביטבורגר 4.8% 500 מל פחית</ItemName>
      <ManufacturerName>לא ידוע</ManufacturerName>
      <ManufactureCountry>לא ידוע</ManufactureCountry>
      <ManufacturerItemDescription>בירה ביטבורגר 4.8% 5</ManufacturerItemDescription>
      <UnitQty>מיליליטרים</UnitQty>
      <Quantity>500.00</Quantity>
      <bIsWeighted>0</bIsWeighted>
      <UnitOfMeasure>100 מ"ל</UnitOfMeasure>
      <QtyInPackage>1</QtyInPackage>
      <ItemPrice>9.90</ItemPrice>
      <UnitOfMeasurePrice>1.98</UnitOfMeasurePrice>
      <AllowDiscount>1</AllowDiscount>
      <ItemStatus>1</ItemStatus>
    </Item>
    <Item>
      <PriceUpdateDate>2025-09-16 12:36</PriceUpdateDate>
      <ItemCode>4105120062436</ItemCode>
      <ItemType>1</ItemType>
      <ItemName>בירה ויינשטפן דונקל  500 מ"ל בקבוק</ItemName>
      <ManufacturerName>לא ידוע</ManufacturerName>
      <ManufactureCountry>גרמניה</ManufactureCountry>
      <ManufacturerItemDescription>בירה ויינשטפן דונקל </ManufacturerItemDescription>
      <UnitQty>מיליליטרים</UnitQty>
      <Quantity>330.00</Quantity>
      <bIsWeighted>0</bIsWeighted>
      <UnitOfMeasure>100 מ"ל</UnitOfMeasure>
      <QtyInPackage>1</QtyInPackage>
      <ItemPrice>14.20</ItemPrice>
      <UnitOfMeasurePrice>4.30</UnitOfMeasurePrice>
      <AllowDiscount>1</AllowDiscount>
      <ItemStatus>1</ItemStatus>
    </Item>
    <Item>
      <PriceUpdateDate>2024-05-27 10:48</PriceUpdateDate>
      <ItemCode>4105120623941</ItemCode>
      <ItemType>1</ItemType>
      <ItemName>בירה ויינשטפן  500 מ"ל בקבוק</ItemName>
      <ManufacturerName>לא ידוע</ManufacturerName>
      <ManufactureCountry>לא ידוע</ManufactureCountry>
      <ManufacturerItemDescription>בירה ויינשטפן  500 מ</ManufacturerItemDescription>
      <UnitQty>מיליליטרים</UnitQty>
      <Quantity>330.00</Quantity>
      <bIsWeighted>0</bIsWeighted>
      <UnitOfMeasure>100 מ"ל</UnitOfMeasure>
      <QtyInPackage>1</QtyInPackage>
      <ItemPrice>14.20</ItemPrice>
      <UnitOfMeasurePrice>4.30</UnitOfMeasurePrice>
      <AllowDiscount>1</AllowDiscount>
      <ItemStatus>1</ItemStatus>
    </Item>
    <Item>
      <PriceUpdateDate>2024-05-19 11:10</PriceUpdateDate>
      <ItemCode>4105120624412</ItemCode>
      <ItemType>1</ItemType>
      <ItemName>בירה ויינשטפן ויטוס 500 מ"ל</ItemName>
      <ManufacturerName>לא ידוע</ManufacturerName>
      <ManufactureCountry>ישראל</ManufactureCountry>
      <ManufacturerItemDescription>בירה ויינשטפן ויטוס </ManufacturerItemDescription>
      <UnitQty>מיליליטרים</UnitQty>
      <Quantity>500.00</Quantity>
      <bIsWeighted>0</bIsWeighted>
      <UnitOfMeasure>100 מ"ל</UnitOfMeasure>
      <QtyInPackage>1</QtyInPackage>
      <ItemPrice>14.20</ItemPrice>
      <UnitOfMeasurePrice>2.84</UnitOfMeasurePrice>
      <AllowDiscount>1</AllowDiscount>
      <ItemStatus>1</ItemStatus>
    </Item>
    <Item>
      <PriceUpdateDate>2025-10-25 23:00</PriceUpdateDate>
      <ItemCode>41190081042</ItemCode>
      <ItemType>1</ItemType>
      <ItemName>bb דייסה ש.שועל מהירה 5 טעמים 352 גרם</ItemName>
      <ManufacturerName>Bowl &amp; Basket</ManufacturerName>
      <ManufactureCountry />
      <ManufacturerItemDescription>bb דייסה ש.שועל מהיר</ManufacturerItemDescription>
      <UnitQty>גרמים</UnitQty>
      <Quantity>352.00</Quantity>
      <bIsWeighted>0</bIsWeighted>
      <UnitOfMeasure>100 גרם</UnitOfMeasure>
      <QtyInPackage>1</QtyInPackage>
      <ItemPrice>29.90</ItemPrice>
      <UnitOfMeasurePrice>8.49</UnitOfMeasurePrice>
      <AllowDiscount>1</AllowDiscount>
      <ItemStatus>1</ItemStatus>
    </Item>
    <Item>
      <PriceUpdateDate>2025-06-06 05:55</PriceUpdateDate>
      <ItemCode>4128401</ItemCode>
      <ItemType>1</ItemType>
      <ItemName>פטה פיראוס 20% במשקל</ItemName>
      <ManufacturerName>לא ידוע</ManufacturerName>
      <ManufactureCountry>לא ידוע</ManufactureCountry>
      <ManufacturerItemDescription>פטה פיראוס 20% במשקל</ManufacturerItemDescription>
      <UnitQty>Unknown</UnitQty>
      <Quantity>0.00</Quantity>
      <bIsWeighted>1</bIsWeighted>
      <UnitOfMeasure>ק"ג</UnitOfMeasure>
      <QtyInPackage>0</QtyInPackage>
      <ItemPrice>154.00</ItemPrice>
      <UnitOfMeasurePrice>154.00</UnitOfMeasurePrice>
      <AllowDiscount>1</AllowDiscount>
      <ItemStatus>1</ItemStatus>
    </Item>
    <Item>
      <PriceUpdateDate>2025-08-21 15:39</PriceUpdateDate>
      <ItemCode>41364881331</ItemCode>
      <ItemType>1</ItemType>
      <ItemName>סאוור פאנץ בייטס בטעמי גלידה 105 גרם</ItemName>
      <ManufacturerName>לא ידוע</ManufacturerName>
      <ManufactureCountry />
      <ManufacturerItemDescription>סאוור פאנץ בייטס בטע</ManufacturerItemDescription>
      <UnitQty>גרמים</UnitQty>
      <Quantity>105.00</Quantity>
      <bIsWeighted>0</bIsWeighted>
      <UnitOfMeasure>100 גרם</UnitOfMeasure>
      <QtyInPackage>1</QtyInPackage>
      <ItemPrice>15.90</ItemPrice>
      <UnitOfMeasurePrice>15.14</UnitOfMeasurePrice>
      <AllowDiscount>1</AllowDiscount>
      <ItemStatus>1</ItemStatus>
    </Item>
    <Item>
      <PriceUpdateDate>2024-10-10 18:15</PriceUpdateDate>
      <ItemCode>41390001079</ItemCode>
      <ItemType>1</ItemType>
      <ItemName>רוטב סויה מופחת נתרן קיקומן 444 מ"ל</ItemName>
      <ManufacturerName>לא ידוע</ManufacturerName>
      <ManufactureCountry>ארה"ב</ManufactureCountry>
      <ManufacturerItemDescription>רוטב סויה מופחת נתרן</ManufacturerItemDescription>
      <UnitQty>מיליליטרים</UnitQty>
      <Quantity>444.00</Quantity>
      <bIsWeighted>0</bIsWeighted>
      <UnitOfMeasure>100 מ"ל</UnitOfMeasure>
      <QtyInPackage>1</QtyInPackage>
      <ItemPrice>28.90</ItemPrice>
      <UnitOfMeasurePrice>6.51</UnitOfMeasurePrice>
      <AllowDiscount>1</AllowDiscount>
      <ItemStatus>1</ItemStatus>
    </Item>
    <Item>
      <PriceUpdateDate>2025-03-03 06:56</PriceUpdateDate>
      <ItemCode>41390010309</ItemCode>
      <ItemType>1</ItemType>
      <ItemName>רוטב טריאקי קיקומן 444 מ"ל</ItemName>
      <ManufacturerName>לא ידוע</ManufacturerName>
      <ManufactureCountry>לא ידוע</ManufactureCountry>
      <ManufacturerItemDescription>רוטב טריאקי קיקומן 4</ManufacturerItemDescription>
      <UnitQty>מיליליטרים</UnitQty>
      <Quantity>444.00</Quantity>
      <bIsWeighted>0</bIsWeighted>
      <UnitOfMeasure>100 מ"ל</UnitOfMeasure>
      <QtyInPackage>1</QtyInPackage>
      <ItemPrice>31.90</ItemPrice>
      <UnitOfMeasurePrice>7.18</UnitOfMeasurePrice>
      <AllowDiscount>1</AllowDiscount>
      <ItemStatus>1</ItemStatus>
    </Item>
    <Item>
      <PriceUpdateDate>2025-01-15 10:18</PriceUpdateDate>
      <ItemCode>41501519455</ItemCode>
      <ItemType>1</ItemType>
      <ItemName>אורטגה טאקו SHELL מקסיקני 140 גרם</ItemName>
      <ManufacturerName>לא ידוע</ManufacturerName>
      <ManufactureCountry>לא ידוע</ManufactureCountry>
      <ManufacturerItemDescription>אורטגה טאקו SHELL מק</ManufacturerItemDescription>
      <UnitQty>גרמים</UnitQty>
      <Quantity>140.00</Quantity>
      <bIsWeighted>0</bIsWeighted>
      <UnitOfMeasure>100 גרם</UnitOfMeasure>
      <QtyInPackage>1</QtyInPackage>
      <ItemPrice>29.90</ItemPrice>
      <UnitOfMeasurePrice>21.36</UnitOfMeasurePrice>
      <AllowDiscount>1</AllowDiscount>
      <ItemStatus>1</ItemStatus>
    </Item>
    <Item>
      <PriceUpdateDate>2025-08-22 12:44</PriceUpdateDate>
      <ItemCode>41501519462</ItemCode>
      <ItemType>1</ItemType>
      <ItemName>אורטגה טאקו ארוחת קיט 252 גרם</ItemName>
      <ManufacturerName>לא ידוע</ManufacturerName>
      <ManufactureCountry>לא ידוע</ManufactureCountry>
      <ManufacturerItemDescription>אורטגה טאקו ארוחת קי</ManufacturerItemDescription>
      <UnitQty>גרמים</UnitQty>
      <Quantity>252.00</Quantity>
      <bIsWeighted>0</bIsWeighted>
      <UnitOfMeasure>100 גרם</UnitOfMeasure>
      <QtyInPackage>1</QtyInPackage>
      <ItemPrice>41.90</ItemPrice>
      <UnitOfMeasurePrice>16.63</UnitOfMeasurePrice>
      <AllowDiscount>1</AllowDiscount>
      <ItemStatus>1</ItemStatus>
    </Item>
    <Item>
      <PriceUpdateDate>2025-01-05 08:02</PriceUpdateDate>
      <ItemCode>42138105</ItemCode>
      <ItemType>1</ItemType>
      <ItemName>ווינסטון סופר סלימס כחול חפיסה</ItemName>
      <ManufacturerName>לא ידוע</ManufacturerName>
      <ManufactureCountry>לא ידוע</ManufactureCountry>
      <ManufacturerItemDescription>ווינסטון סופר סלימס </ManufacturerItemDescription>
      <UnitQty>Unknown</UnitQty>
      <Quantity>0.00</Quantity>
      <bIsWeighted>0</bIsWeighted>
      <UnitOfMeasure>Unknown</UnitOfMeasure>
      <QtyInPackage>1</QtyInPackage>
      <ItemPrice>41.50</ItemPrice>
      <UnitOfMeasurePrice>41.50</UnitOfMeasurePrice>
      <AllowDiscount>1</AllowDiscount>
      <ItemStatus>1</ItemStatus>
    </Item>
    <Item>
      <PriceUpdateDate>2025-01-05 08:03</PriceUpdateDate>
      <ItemCode>42138129</ItemCode>
      <ItemType>1</ItemType>
      <ItemName>ווינסטון סופר סלימס מנטול חפיסה</ItemName>
      <ManufacturerName>לא ידוע</ManufacturerName>
      <ManufactureCountry>לא ידוע</ManufactureCountry>
      <ManufacturerItemDescription>ווינסטון סופר סלימס </ManufacturerItemDescription>
      <UnitQty>Unknown</UnitQty>
      <Quantity>0.00</Quantity>
      <bIsWeighted>0</bIsWeighted>
      <UnitOfMeasure>Unknown</UnitOfMeasure>
      <QtyInPackage>1</QtyInPackage>
      <ItemPrice>41.50</ItemPrice>
      <UnitOfMeasurePrice>41.50</UnitOfMeasurePrice>
      <AllowDiscount>1</AllowDiscount>
      <ItemStatus>1</ItemStatus>
    </Item>
    <Item>
      <PriceUpdateDate>2024-07-17 08:34</PriceUpdateDate>
      <ItemCode>4333465053769</ItemCode>
      <ItemType>1</ItemType>
      <ItemName>יין פרנאווי-סוביניון בלאן ניו זילנד 750</ItemName>
      <ManufacturerName>לא ידוע</ManufacturerName>
      <ManufactureCountry>לא ידוע</ManufactureCountry>
      <ManufacturerItemDescription>יין פרנאווי-סוביניון</ManufacturerItemDescription>
      <UnitQty>Unknown</UnitQty>
      <Quantity>0.00</Quantity>
      <bIsWeighted>0</bIsWeighted>
      <UnitOfMeasure>Unknown</UnitOfMeasure>
      <QtyInPackage>1</QtyInPackage>
      <ItemPrice>86.90</ItemPrice>
      <UnitOfMeasurePrice>86.90</UnitOfMeasurePrice>
      <AllowDiscount>1</AllowDiscount>
      <ItemStatus>1</ItemStatus>
    </Item>
    <Item>
      <PriceUpdateDate>2021-01-20 21:12</PriceUpdateDate>
      <ItemCode>4412081</ItemCode>
      <ItemType>1</ItemType>
      <ItemName>אגס אדום</ItemName>
      <ManufacturerName>לא ידוע</ManufacturerName>
      <ManufactureCountry>לא ידוע</ManufactureCountry>
      <ManufacturerItemDescription>אגס אדום            </ManufacturerItemDescription>
      <UnitQty>Unknown</UnitQty>
      <Quantity>0.00</Quantity>
      <bIsWeighted>1</bIsWeighted>
      <UnitOfMeasure>ק"ג</UnitOfMeasure>
      <QtyInPackage>0</QtyInPackage>
      <ItemPrice>19.90</ItemPrice>
      <UnitOfMeasurePrice>19.90</UnitOfMeasurePrice>
      <AllowDiscount>1</AllowDiscount>
      <ItemStatus>1</ItemStatus>
    </Item>
    <Item>
      <PriceUpdateDate>2024-06-03 09:50</PriceUpdateDate>
      <ItemCode>4412142</ItemCode>
      <ItemType>1</ItemType>
      <ItemName>תפו"ע גאלה</ItemName>
      <ManufacturerName>לא ידוע</ManufacturerName>
      <ManufactureCountry>לא ידוע</ManufactureCountry>
      <ManufacturerItemDescription>תפוע גאלה           </ManufacturerItemDescription>
      <UnitQty>קילוגרמים</UnitQty>
      <Quantity>0.00</Quantity>
      <bIsWeighted>1</bIsWeighted>
      <UnitOfMeasure>ק"ג</UnitOfMeasure>
      <QtyInPackage>0</QtyInPackage>
      <ItemPrice>14.90</ItemPrice>
      <UnitOfMeasurePrice>14.90</UnitOfMeasurePrice>
      <AllowDiscount>1</AllowDiscount>
      <ItemStatus>1</ItemStatus>
    </Item>
    <Item>
      <PriceUpdateDate>2021-01-20 21:12</PriceUpdateDate>
      <ItemCode>4412166</ItemCode>
      <ItemType>1</ItemType>
      <ItemName>אשכולית אדומה</ItemName>
      <ManufacturerName>לא ידוע</ManufacturerName>
      <ManufactureCountry>לא ידוע</ManufactureCountry>
      <ManufacturerItemDescription>אשכולית אדומה       </ManufacturerItemDescription>
      <UnitQty>Unknown</UnitQty>
      <Quantity>0.00</Quantity>
      <bIsWeighted>1</bIsWeighted>
      <UnitOfMeasure>ק"ג</UnitOfMeasure>
      <QtyInPackage>0</QtyInPackage>
      <ItemPrice>9.90</ItemPrice>
      <UnitOfMeasurePrice>9.90</UnitOfMeasurePrice>
      <AllowDiscount>1</AllowDiscount>
      <ItemStatus>1</ItemStatus>
    </Item>
    <Item>
      <PriceUpdateDate>2024-12-03 15:02</PriceUpdateDate>
      <ItemCode>4412241</ItemCode>
      <ItemType>1</ItemType>
      <ItemName>סברס</ItemName>
      <ManufacturerName>לא ידוע</ManufacturerName>
      <ManufactureCountry>לא ידוע</ManufactureCountry>
      <ManufacturerItemDescription>סברס                </ManufacturerItemDescription>
      <UnitQty>Unknown</UnitQty>
      <Quantity>0.00</Quantity>
      <bIsWeighted>1</bIsWeighted>
      <UnitOfMeasure>ק"ג</UnitOfMeasure>
      <QtyInPackage>0</QtyInPackage>
      <ItemPrice>34.90</ItemPrice>
      <UnitOfMeasurePrice>34.90</UnitOfMeasurePrice>
      <AllowDiscount>1</AllowDiscount>
      <ItemStatus>1</ItemStatus>
    </Item>
    <Item>
      <PriceUpdateDate>2025-12-28 12:37</PriceUpdateDate>
      <ItemCode>4412319</ItemCode>
      <ItemType>1</ItemType>
      <ItemName>בטטה</ItemName>
      <ManufacturerName>לא ידוע</ManufacturerName>
      <ManufactureCountry>לא ידוע</ManufactureCountry>
      <ManufacturerItemDescription>בטטה                </ManufacturerItemDescription>
      <UnitQty>קילוגרמים</UnitQty>
      <Quantity>0.00</Quantity>
      <bIsWeighted>1</bIsWeighted>
      <UnitOfMeasure>ק"ג</UnitOfMeasure>
      <QtyInPackage>0</QtyInPackage>
      <ItemPrice>14.90</ItemPrice>
      <UnitOfMeasurePrice>14.90</UnitOfMeasurePrice>
      <AllowDiscount>1</AllowDiscount>
      <ItemStatus>1</ItemStatus>
    </Item>
    <Item>
      <PriceUpdateDate>2025-12-28 12:37</PriceUpdateDate>
      <ItemCode>4412340</ItemCode>
      <ItemType>1</ItemType>
      <ItemName>קלמנטינה</ItemName>
      <ManufacturerName>לא ידוע</ManufacturerName>
      <ManufactureCountry>לא ידוע</ManufactureCountry>
      <ManufacturerItemDescription>קלמנטינה            </ManufacturerItemDescription>
      <UnitQty>קילוגרמים</UnitQty>
      <Quantity>0.00</Quantity>
      <bIsWeighted>1</bIsWeighted>
      <UnitOfMeasure>ק"ג</UnitOfMeasure>
      <QtyInPackage>0</QtyInPackage>
      <ItemPrice>12.90</ItemPrice>
      <UnitOfMeasurePrice>12.90</UnitOfMeasurePrice>
      <AllowDiscount>1</AllowDiscount>
      <ItemStatus>1</ItemStatus>
    </Item>
    <Item>
      <PriceUpdateDate>2025-12-28 12:37</PriceUpdateDate>
      <ItemCode>4412357</ItemCode>
      <ItemType>1</ItemType>
      <ItemName>רימון</ItemName>
      <ManufacturerName>לא ידוע</ManufacturerName>
      <ManufactureCountry>לא ידוע</ManufactureCountry>
      <ManufacturerItemDescription>רימון               </ManufacturerItemDescription>
      <UnitQty>קילוגרמים</UnitQty>
      <Quantity>0.00</Quantity>
      <bIsWeighted>1</bIsWeighted>
      <UnitOfMeasure>ק"ג</UnitOfMeasure>
      <QtyInPackage>0</QtyInPackage>
      <ItemPrice>17.90</ItemPrice>
      <UnitOfMeasurePrice>17.90</UnitOfMeasurePrice>
      <AllowDiscount>1</AllowDiscount>
      <ItemStatus>1</ItemStatus>
    </Item>
    <Item>
      <PriceUpdateDate>2021-01-20 21:12</PriceUpdateDate>
      <ItemCode>4412371</ItemCode>
      <ItemType>1</ItemType>
      <ItemName>תמר מגהול</ItemName>
      <ManufacturerName>לא ידוע</ManufacturerName>
      <ManufactureCountry>לא ידוע</ManufactureCountry>
      <ManufacturerItemDescription>תמר מגהול           </ManufacturerItemDescription>
      <UnitQty>Unknown</UnitQty>
      <Quantity>0.00</Quantity>
      <bIsWeighted>0</bIsWeighted>
      <UnitOfMeasure>Unknown</UnitOfMeasure>
      <QtyInPackage>0</QtyInPackage>
      <ItemPrice>32.90</ItemPrice>
      <UnitOfMeasurePrice>32.90</UnitOfMeasurePrice>
      <AllowDiscount>1</AllowDiscount>
      <ItemStatus>1</ItemStatus>
    </Item>
    <Item>
      <PriceUpdateDate>2024-06-03 09:50</PriceUpdateDate>
      <ItemCode>4412388</ItemCode>
      <ItemType>1</ItemType>
      <ItemName>שומר</ItemName>
      <ManufacturerName>לא ידוע</ManufacturerName>
      <ManufactureCountry>לא ידוע</ManufactureCountry>
      <ManufacturerItemDescription>שומר                </ManufacturerItemDescription>
      <UnitQty>Unknown</UnitQty>
      <Quantity>0.00</Quantity>
      <bIsWeighted>1</bIsWeighted>
      <UnitOfMeasure>ק"ג</UnitOfMeasure>
      <QtyInPackage>0</QtyInPackage>
      <ItemPrice>11.90</ItemPrice>
      <UnitOfMeasurePrice>11.90</UnitOfMeasurePrice>
      <AllowDiscount>1</AllowDiscount>
      <ItemStatus>1</ItemStatus>
    </Item>
    <Item>
      <PriceUpdateDate>2024-06-03 09:50</PriceUpdateDate>
      <ItemCode>4412395</ItemCode>
      <ItemType>1</ItemType>
      <ItemName>תפוז ברשת</ItemName>
      <ManufacturerName>לא ידוע</ManufacturerName>
      <ManufactureCountry>לא ידוע</ManufactureCountry>
      <ManufacturerItemDescription>תפוז ברשת           </ManufacturerItemDescription>
      <UnitQty>Unknown</UnitQty>
      <Quantity>0.00</Quantity>
      <bIsWeighted>1</bIsWeighted>
      <UnitOfMeasure>ק"ג</UnitOfMeasure>
      <QtyInPackage>0</QtyInPackage>
      <ItemPrice>9.90</ItemPrice>
      <UnitOfMeasurePrice>9.90</UnitOfMeasurePrice>
      <AllowDiscount>1</AllowDiscount>
      <ItemStatus>1</ItemStatus>
    </Item>
    <Item>
      <PriceUpdateDate>2025-12-28 12:37</PriceUpdateDate>
      <ItemCode>4412418</ItemCode>
      <ItemType>1</ItemType>
      <ItemName>קיווי</ItemName>
      <ManufacturerName>לא ידוע</ManufacturerName>
      <ManufactureCountry>לא ידוע</ManufactureCountry>
      <ManufacturerItemDescription>קיווי               </ManufacturerItemDescription>
      <UnitQty>קילוגרמים</UnitQty>
      <Quantity>0.00</Quantity>
      <bIsWeighted>1</bIsWeighted>
      <UnitOfMeasure>ק"ג</UnitOfMeasure>
      <QtyInPackage>0</QtyInPackage>
      <ItemPrice>29.90</ItemPrice>
      <UnitOfMeasurePrice>29.90</UnitOfMeasurePrice>
      <AllowDiscount>1</AllowDiscount>
      <ItemStatus>1</ItemStatus>
    </Item>
    <Item>
      <PriceUpdateDate>2025-12-28 12:37</PriceUpdateDate>
      <ItemCode>4412432</ItemCode>
      <ItemType>1</ItemType>
      <ItemName>תפוזים</ItemName>
      <ManufacturerName>לא ידוע</ManufacturerName>
      <ManufactureCountry>לא ידוע</ManufactureCountry>
      <ManufacturerItemDescription>תפוזים              </ManufacturerItemDescription>
      <UnitQty>קילוגרמים</UnitQty>
      <Quantity>0.00</Quantity>
      <bIsWeighted>1</bIsWeighted>
      <UnitOfMeasure>ק"ג</UnitOfMeasure>
      <QtyInPackage>0</QtyInPackage>
      <ItemPrice>11.90</ItemPrice>
      <UnitOfMeasurePrice>11.90</UnitOfMeasurePrice>
      <AllowDiscount>1</AllowDiscount>
      <ItemStatus>1</ItemStatus>
    </Item>
    <Item>
      <PriceUpdateDate>2025-12-28 12:37</PriceUpdateDate>
      <ItemCode>4412456</ItemCode>
      <ItemType>1</ItemType>
      <ItemName>תפו"ע חרמון</ItemName>
      <ManufacturerName>לא ידוע</ManufacturerName>
      <ManufactureCountry>לא ידוע</ManufactureCountry>
      <ManufacturerItemDescription>תפוע חרמון          </ManufacturerItemDescription>
      <UnitQty>קילוגרמים</UnitQty>
      <Quantity>0.00</Quantity>
      <bIsWeighted>1</bIsWeighted>
      <UnitOfMeasure>ק"ג</UnitOfMeasure>
      <QtyInPackage>0</QtyInPackage>
      <ItemPrice>15.90</ItemPrice>
      <UnitOfMeasurePrice>15.90</UnitOfMeasurePrice>
      <AllowDiscount>1</AllowDiscount>
      <ItemStatus>1</ItemStatus>
    </Item>
    <Item>
      <PriceUpdateDate>2025-12-28 12:37</PriceUpdateDate>
      <ItemCode>4412463</ItemCode>
      <ItemType>1</ItemType>
      <ItemName>תפו"ע מוזהב</ItemName>
      <ManufacturerName>לא ידוע</ManufacturerName>
      <ManufactureCountry>לא ידוע</ManufactureCountry>
      <ManufacturerItemDescription>תפוע מוזהב          </ManufacturerItemDescription>
      <UnitQty>קילוגרמים</UnitQty>
      <Quantity>0.00</Quantity>
      <bIsWeighted>1</bIsWeighted>
      <UnitOfMeasure>ק"ג</UnitOfMeasure>
      <QtyInPackage>0</QtyInPackage>
      <ItemPrice>15.90</ItemPrice>
      <UnitOfMeasurePrice>15.90</UnitOfMeasurePrice>
      <AllowDiscount>1</AllowDiscount>
      <ItemStatus>1</ItemStatus>
    </Item>
    <Item>
      <PriceUpdateDate>2025-12-28 12:37</PriceUpdateDate>
      <ItemCode>4412470</ItemCode>
      <ItemType>1</ItemType>
      <ItemName>תפו"ע סמיט</ItemName>
      <ManufacturerName>לא ידוע</ManufacturerName>
      <ManufactureCountry>לא ידוע</ManufactureCountry>
      <ManufacturerItemDescription>תפוע סמיט           </ManufacturerItemDescription>
      <UnitQty>קילוגרמים</UnitQty>
      <Quantity>0.00</Quantity>
      <bIsWeighted>1</bIsWeighted>
      <UnitOfMeasure>ק"ג</UnitOfMeasure>
      <QtyInPackage>0</QtyInPackage>
      <ItemPrice>17.90</ItemPrice>
      <UnitOfMeasurePrice>17.90</UnitOfMeasurePrice>
      <AllowDiscount>1</AllowDiscount>
      <ItemStatus>1</ItemStatus>
    </Item>
    <Item>
      <PriceUpdateDate>2025-12-28 12:37</PriceUpdateDate>
      <ItemCode>4412500</ItemCode>
      <ItemType>1</ItemType>
      <ItemName>בצל אדום</ItemName>
      <ManufacturerName>לא ידוע</ManufacturerName>
      <ManufactureCountry>לא ידוע</ManufactureCountry>
      <ManufacturerItemDescription>בצל אדום            </ManufacturerItemDescription>
      <UnitQty>קילוגרמים</UnitQty>
      <Quantity>0.00</Quantity>
      <bIsWeighted>1</bIsWeighted>
      <UnitOfMeasure>ק"ג</UnitOfMeasure>
      <QtyInPackage>0</QtyInPackage>
      <ItemPrice>8.90</ItemPrice>
      <UnitOfMeasurePrice>8.90</UnitOfMeasurePrice>
      <AllowDiscount>1</AllowDiscount>
      <ItemStatus>1</ItemStatus>
    </Item>
    <Item>
      <PriceUpdateDate>2025-12-28 12:37</PriceUpdateDate>
      <ItemCode>4412586</ItemCode>
      <ItemType>1</ItemType>
      <ItemName>לימון</ItemName>
      <ManufacturerName>לא ידוע</ManufacturerName>
      <ManufactureCountry>לא ידוע</ManufactureCountry>
      <ManufacturerItemDescription>לימון               </ManufacturerItemDescription>
      <UnitQty>קילוגרמים</UnitQty>
      <Quantity>0.00</Quantity>
      <bIsWeighted>1</bIsWeighted>
      <UnitOfMeasure>ק"ג</UnitOfMeasure>
      <QtyInPackage>0</QtyInPackage>
      <ItemPrice>14.90</ItemPrice>
      <UnitOfMeasurePrice>14.90</UnitOfMeasurePrice>
      <AllowDiscount>1</AllowDiscount>
      <ItemStatus>1</ItemStatus>
    </Item>
    <Item>
      <PriceUpdateDate>2025-12-28 12:37</PriceUpdateDate>
      <ItemCode>4412616</ItemCode>
      <ItemType>1</ItemType>
      <ItemName>בננות</ItemName>
      <ManufacturerName>לא ידוע</ManufacturerName>
      <ManufactureCountry>לא ידוע</ManufactureCountry>
      <ManufacturerItemDescription>בננות               </ManufacturerItemDescription>
      <UnitQty>קילוגרמים</UnitQty>
      <Quantity>0.00</Quantity>
      <bIsWeighted>1</bIsWeighted>
      <UnitOfMeasure>ק"ג</UnitOfMeasure>
      <QtyInPackage>0</QtyInPackage>
      <ItemPrice>12.90</ItemPrice>
      <UnitOfMeasurePrice>12.90</UnitOfMeasurePrice>
      <AllowDiscount>1</AllowDiscount>
      <ItemStatus>1</ItemStatus>
    </Item>
    <Item>
      <PriceUpdateDate>2025-12-28 12:37</PriceUpdateDate>
      <ItemCode>4412623</ItemCode>
      <ItemType>1</ItemType>
      <ItemName>אגסים</ItemName>
      <ManufacturerName>לא ידוע</ManufacturerName>
      <ManufactureCountry>לא ידוע</ManufactureCountry>
      <ManufacturerItemDescription>אגסים               </ManufacturerItemDescription>
      <UnitQty>קילוגרמים</UnitQty>
      <Quantity>0.00</Quantity>
      <bIsWeighted>1</bIsWeighted>
      <UnitOfMeasure>ק"ג</UnitOfMeasure>
      <QtyInPackage>0</QtyInPackage>
      <ItemPrice>22.90</ItemPrice>
      <UnitOfMeasurePrice>22.90</UnitOfMeasurePrice>
      <AllowDiscount>1</AllowDiscount>
      <ItemStatus>1</ItemStatus>
    </Item>
    <Item>
      <PriceUpdateDate>2025-12-28 12:37</PriceUpdateDate>
      <ItemCode>4412647</ItemCode>
      <ItemType>1</ItemType>
      <ItemName>אבוקדו</ItemName>
      <ManufacturerName>לא ידוע</ManufacturerName>
      <ManufactureCountry>לא ידוע</ManufactureCountry>
      <ManufacturerItemDescription>אבוקדו              </ManufacturerItemDescription>
      <UnitQty>קילוגרמים</UnitQty>
      <Quantity>0.00</Quantity>
      <bIsWeighted>1</bIsWeighted>
      <UnitOfMeasure>ק"ג</UnitOfMeasure>
      <QtyInPackage>0</QtyInPackage>
      <ItemPrice>19.90</ItemPrice>
      <UnitOfMeasurePrice>19.90</UnitOfMeasurePrice>
      <AllowDiscount>1</AllowDiscount>
      <ItemStatus>1</ItemStatus>
    </Item>
    <Item>
      <PriceUpdateDate>2025-12-28 12:37</PriceUpdateDate>
      <ItemCode>4412654</ItemCode>
      <ItemType>1</ItemType>
      <ItemName>אפרסמון</ItemName>
      <ManufacturerName>לא ידוע</ManufacturerName>
      <ManufactureCountry>לא ידוע</ManufactureCountry>
      <ManufacturerItemDescription>אפרסמון             </ManufacturerItemDescription>
      <UnitQty>קילוגרמים</UnitQty>
      <Quantity>0.00</Quantity>
      <bIsWeighted>1</bIsWeighted>
      <UnitOfMeasure>ק"ג</UnitOfMeasure>
      <QtyInPackage>0</QtyInPackage>
      <ItemPrice>29.90</ItemPrice>
      <UnitOfMeasurePrice>29.90</UnitOfMeasurePrice>
      <AllowDiscount>1</AllowDiscount>
      <ItemStatus>1</ItemStatus>
    </Item>
    <Item>
      <PriceUpdateDate>2024-11-04 11:11</PriceUpdateDate>
      <ItemCode>4412685</ItemCode>
      <ItemType>1</ItemType>
      <ItemName>פומלה</ItemName>
      <ManufacturerName>לא ידוע</ManufacturerName>
      <ManufactureCountry>לא ידוע</ManufactureCountry>
      <ManufacturerItemDescription>פומלה               </ManufacturerItemDescription>
      <UnitQty>Unknown</UnitQty>
      <Quantity>0.00</Quantity>
      <bIsWeighted>1</bIsWeighted>
      <UnitOfMeasure>ק"ג</UnitOfMeasure>
      <QtyInPackage>0</QtyInPackage>
      <ItemPrice>14.90</ItemPrice>
      <UnitOfMeasurePrice>14.90</UnitOfMeasurePrice>
      <AllowDiscount>1</AllowDiscount>
      <ItemStatus>1</ItemStatus>
    </Item>
    <Item>
      <PriceUpdateDate>2025-12-28 12:37</PriceUpdateDate>
      <ItemCode>4412708</ItemCode>
      <ItemType>1</ItemType>
      <ItemName>קולרבי</ItemName>
      <ManufacturerName>לא ידוע</ManufacturerName>
      <ManufactureCountry>לא ידוע</ManufactureCountry>
      <ManufacturerItemDescription>קולורבי             </ManufacturerItemDescription>
      <UnitQty>קילוגרמים</UnitQty>
      <Quantity>0.00</Quantity>
      <bIsWeighted>1</bIsWeighted>
      <UnitOfMeasure>ק"ג</UnitOfMeasure>
      <QtyInPackage>0</QtyInPackage>
      <ItemPrice>10.90</ItemPrice>
      <UnitOfMeasurePrice>10.90</UnitOfMeasurePrice>
      <AllowDiscount>1</AllowDiscount>
      <ItemStatus>1</ItemStatus>
    </Item>
    <Item>
      <PriceUpdateDate>2025-12-28 12:37</PriceUpdateDate>
      <ItemCode>4412715</ItemCode>
      <ItemType>1</ItemType>
      <ItemName>קישואים</ItemName>
      <ManufacturerName>לא ידוע</ManufacturerName>
      <ManufactureCountry>לא ידוע</ManufactureCountry>
      <ManufacturerItemDescription>קישואים             </ManufacturerItemDescription>
      <UnitQty>קילוגרמים</UnitQty>
      <Quantity>0.00</Quantity>
      <bIsWeighted>1</bIsWeighted>
      <UnitOfMeasure>ק"ג</UnitOfMeasure>
      <QtyInPackage>0</QtyInPackage>
      <ItemPrice>11.90</ItemPrice>
      <UnitOfMeasurePrice>11.90</UnitOfMeasurePrice>
      <AllowDiscount>1</AllowDiscount>
      <ItemStatus>1</ItemStatus>
    </Item>
    <Item>
      <PriceUpdateDate>2025-12-28 12:37</PriceUpdateDate>
      <ItemCode>4412746</ItemCode>
      <ItemType>1</ItemType>
      <ItemName>פלפל חריף</ItemName>
      <ManufacturerName>לא ידוע</ManufacturerName>
      <ManufactureCountry>לא ידוע</ManufactureCountry>
      <ManufacturerItemDescription>פלפל חריף           </ManufacturerItemDescription>
      <UnitQty>קילוגרמים</UnitQty>
      <Quantity>0.00</Quantity>
      <bIsWeighted>1</bIsWeighted>
      <UnitOfMeasure>ק"ג</UnitOfMeasure>
      <QtyInPackage>0</QtyInPackage>
      <ItemPrice>15.90</ItemPrice>
      <UnitOfMeasurePrice>15.90</UnitOfMeasurePrice>
      <AllowDiscount>1</AllowDiscount>
      <ItemStatus>1</ItemStatus>
    </Item>
    <Item>
      <PriceUpdateDate>2024-06-03 09:50</PriceUpdateDate>
      <ItemCode>4412760</ItemCode>
      <ItemType>1</ItemType>
      <ItemName>פלפל ירוק</ItemName>
      <ManufacturerName>לא ידוע</ManufacturerName>
      <ManufactureCountry>לא ידוע</ManufactureCountry>
      <ManufacturerItemDescription>פלפל ירוק           </ManufacturerItemDescription>
      <UnitQty>קילוגרמים</UnitQty>
      <Quantity>0.00</Quantity>
      <bIsWeighted>1</bIsWeighted>
      <UnitOfMeasure>ק"ג</UnitOfMeasure>
      <QtyInPackage>0</QtyInPackage>
      <ItemPrice>12.90</ItemPrice>
      <UnitOfMeasurePrice>12.90</UnitOfMeasurePrice>
      <AllowDiscount>1</AllowDiscount>
      <ItemStatus>1</ItemStatus>
    </Item>
    <Item>
      <PriceUpdateDate>2023-10-15 11:29</PriceUpdateDate>
      <ItemCode>4412777</ItemCode>
      <ItemType>1</ItemType>
      <ItemName>פלפל צהוב</ItemName>
      <ManufacturerName>לא ידוע</ManufacturerName>
      <ManufactureCountry>לא ידוע</ManufactureCountry>
      <ManufacturerItemDescription>פלפל צהוב           </ManufacturerItemDescription>
      <UnitQty>קילוגרמים</UnitQty>
      <Quantity>0.00</Quantity>
      <bIsWeighted>1</bIsWeighted>
      <UnitOfMeasure>ק"ג</UnitOfMeasure>
      <QtyInPackage>0</QtyInPackage>
      <ItemPrice>16.50</ItemPrice>
      <UnitOfMeasurePrice>16.50</UnitOfMeasurePrice>
      <AllowDiscount>1</AllowDiscount>
      <ItemStatus>1</ItemStatus>
    </Item>
    <Item>
      <PriceUpdateDate>2025-12-28 12:37</PriceUpdateDate>
      <ItemCode>4412784</ItemCode>
      <ItemType>1</ItemType>
      <ItemName>עגבניות</ItemName>
      <ManufacturerName>לא ידוע</ManufacturerName>
      <ManufactureCountry>לא ידוע</ManufactureCountry>
      <ManufacturerItemDescription>עגבניות             </ManufacturerItemDescription>
      <UnitQty>קילוגרמים</UnitQty>
      <Quantity>0.00</Quantity>
      <bIsWeighted>1</bIsWeighted>
      <UnitOfMeasure>ק"ג</UnitOfMeasure>
      <QtyInPackage>0</QtyInPackage>
      <ItemPrice>13.90</ItemPrice>
      <UnitOfMeasurePrice>13.90</UnitOfMeasurePrice>
      <AllowDiscount>1</AllowDiscount>
      <ItemStatus>1</ItemStatus>
    </Item>
    <Item>
      <PriceUpdateDate>2025-12-28 12:37</PriceUpdateDate>
      <ItemCode>4412791</ItemCode>
      <ItemType>1</ItemType>
      <ItemName>סלק</ItemName>
      <ManufacturerName>לא ידוע</ManufacturerName>
      <ManufactureCountry>לא ידוע</ManufactureCountry>
      <ManufacturerItemDescription>סלק                 </ManufacturerItemDescription>
      <UnitQty>קילוגרמים</UnitQty>
      <Quantity>0.00</Quantity>
      <bIsWeighted>1</bIsWeighted>
      <UnitOfMeasure>ק"ג</UnitOfMeasure>
      <QtyInPackage>0</QtyInPackage>
      <ItemPrice>6.90</ItemPrice>
      <UnitOfMeasurePrice>6.90</UnitOfMeasurePrice>
      <AllowDiscount>1</AllowDiscount>
      <ItemStatus>1</ItemStatus>
    </Item>
    <Item>
      <PriceUpdateDate>2025-12-28 12:37</PriceUpdateDate>
      <ItemCode>4412814</ItemCode>
      <ItemType>1</ItemType>
      <ItemName>מלפפונים</ItemName>
      <ManufacturerName>לא ידוע</ManufacturerName>
      <ManufactureCountry>לא ידוע</ManufactureCountry>
      <ManufacturerItemDescription>מלפפונים            </ManufacturerItemDescription>
      <UnitQty>קילוגרמים</UnitQty>
      <Quantity>0.00</Quantity>
      <bIsWeighted>1</bIsWeighted>
      <UnitOfMeasure>ק"ג</UnitOfMeasure>
      <QtyInPackage>0</QtyInPackage>
      <ItemPrice>13.90</ItemPrice>
      <UnitOfMeasurePrice>13.90</UnitOfMeasurePrice>
      <AllowDiscount>1</AllowDiscount>
      <ItemStatus>1</ItemStatus>
    </Item>
    <Item>
      <PriceUpdateDate>2024-06-03 09:50</PriceUpdateDate>
      <ItemCode>4412821</ItemCode>
      <ItemType>1</ItemType>
      <ItemName>לפת</ItemName>
      <ManufacturerName>לא ידוע</ManufacturerName>
      <ManufactureCountry>לא ידוע</ManufactureCountry>
      <ManufacturerItemDescription>לפת                 </ManufacturerItemDescription>
      <UnitQty>Unknown</UnitQty>
      <Quantity>0.00</Quantity>
      <bIsWeighted>1</bIsWeighted>
      <UnitOfMeasure>ק"ג</UnitOfMeasure>
      <QtyInPackage>0</QtyInPackage>
      <ItemPrice>9.90</ItemPrice>
      <UnitOfMeasurePrice>9.90</UnitOfMeasurePrice>
      <AllowDiscount>1</AllowDiscount>
      <ItemStatus>1</ItemStatus>
    </Item>
    <Item>
      <PriceUpdateDate>2022-12-16 06:59</PriceUpdateDate>
      <ItemCode>4412838</ItemCode>
      <ItemType>1</ItemType>
      <ItemName>כרובית</ItemName>
      <ManufacturerName>לא ידוע</ManufacturerName>
      <ManufactureCountry>לא ידוע</ManufactureCountry>
      <ManufacturerItemDescription>כרובית              </ManufacturerItemDescription>
      <UnitQty>קילוגרמים</UnitQty>
      <Quantity>0.00</Quantity>
      <bIsWeighted>1</bIsWeighted>
      <UnitOfMeasure>ק"ג</UnitOfMeasure>
      <QtyInPackage>0</QtyInPackage>
      <ItemPrice>14.90</ItemPrice>
      <UnitOfMeasurePrice>14.90</UnitOfMeasurePrice>
      <AllowDiscount>1</AllowDiscount>
      <ItemStatus>1</ItemStatus>
    </Item>
    <Item>
      <PriceUpdateDate>2025-12-28 12:37</PriceUpdateDate>
      <ItemCode>4412845</ItemCode>
      <ItemType>1</ItemType>
      <ItemName>כרוב אדום</ItemName>
      <ManufacturerName>לא ידוע</ManufacturerName>
      <ManufactureCountry>לא ידוע</ManufactureCountry>
      <ManufacturerItemDescription>כרוב אדום           </ManufacturerItemDescription>
      <UnitQty>קילוגרמים</UnitQty>
      <Quantity>0.00</Quantity>
      <bIsWeighted>1</bIsWeighted>
      <UnitOfMeasure>ק"ג</UnitOfMeasure>
      <QtyInPackage>0</QtyInPackage>
      <ItemPrice>8.90</ItemPrice>
      <UnitOfMeasurePrice>8.90</UnitOfMeasurePrice>
      <AllowDiscount>1</AllowDiscount>
      <ItemStatus>1</ItemStatus>
    </Item>
    <Item>
      <PriceUpdateDate>2025-12-28 12:37</PriceUpdateDate>
      <ItemCode>4412852</ItemCode>
      <ItemType>1</ItemType>
      <ItemName>כרוב לבן</ItemName>
      <ManufacturerName>לא ידוע</ManufacturerName>
      <ManufactureCountry>לא ידוע</ManufactureCountry>
      <ManufacturerItemDescription>כרוב לבן            </ManufacturerItemDescription>
      <UnitQty>קילוגרמים</UnitQty>
      <Quantity>0.00</Quantity>
      <bIsWeighted>1</bIsWeighted>
      <UnitOfMeasure>ק"ג</UnitOfMeasure>
      <QtyInPackage>0</QtyInPackage>
      <ItemPrice>6.50</ItemPrice>
      <UnitOfMeasurePrice>6.50</UnitOfMeasurePrice>
      <AllowDiscount>1</AllowDiscount>
      <ItemStatus>1</ItemStatus>
    </Item>
    <Item>
      <PriceUpdateDate>2025-12-28 12:37</PriceUpdateDate>
      <ItemCode>4412869</ItemCode>
      <ItemType>1</ItemType>
      <ItemName>חצילים</ItemName>
      <ManufacturerName>לא ידוע</ManufacturerName>
      <ManufactureCountry>לא ידוע</ManufactureCountry>
      <ManufacturerItemDescription>חצילים              </ManufacturerItemDescription>
      <UnitQty>קילוגרמים</UnitQty>
      <Quantity>0.00</Quantity>
      <bIsWeighted>1</bIsWeighted>
      <UnitOfMeasure>ק"ג</UnitOfMeasure>
      <QtyInPackage>0</QtyInPackage>
      <ItemPrice>10.90</ItemPrice>
      <UnitOfMeasurePrice>10.90</UnitOfMeasurePrice>
      <AllowDiscount>1</AllowDiscount>
      <ItemStatus>1</ItemStatus>
    </Item>
    <Item>
      <PriceUpdateDate>2025-10-23 14:31</PriceUpdateDate>
      <ItemCode>4412906</ItemCode>
      <ItemType>1</ItemType>
      <ItemName>אבטיח</ItemName>
      <ManufacturerName>לא ידוע</ManufacturerName>
      <ManufactureCountry>לא ידוע</ManufactureCountry>
      <ManufacturerItemDescription>אבטיח               </ManufacturerItemDescription>
      <UnitQty>קילוגרמים</UnitQty>
      <Quantity>0.00</Quantity>
      <bIsWeighted>1</bIsWeighted>
      <UnitOfMeasure>ק"ג</UnitOfMeasure>
      <QtyInPackage>0</QtyInPackage>
      <ItemPrice>9.90</ItemPrice>
      <UnitOfMeasurePrice>9.90</UnitOfMeasurePrice>
      <AllowDiscount>1</AllowDiscount>
      <ItemStatus>1</ItemStatus>
    </Item>
    <Item>
      <PriceUpdateDate>2024-06-03 09:50</PriceUpdateDate>
      <ItemCode>4412999</ItemCode>
      <ItemType>1</ItemType>
      <ItemName>קישוא זוקיני צהוב</ItemName>
      <ManufacturerName>לא ידוע</ManufacturerName>
      <ManufactureCountry>לא ידוע</ManufactureCountry>
      <ManufacturerItemDescription>קישוא זוקיני צהוב   </ManufacturerItemDescription>
      <UnitQty>קילוגרמים</UnitQty>
      <Quantity>0.00</Quantity>
      <bIsWeighted>1</bIsWeighted>
      <UnitOfMeasure>ק"ג</UnitOfMeasure>
      <QtyInPackage>0</QtyInPackage>
      <ItemPrice>12.90</ItemPrice>
      <UnitOfMeasurePrice>12.90</UnitOfMeasurePrice>
      <AllowDiscount>1</AllowDiscount>
      <ItemStatus>1</ItemStatus>
    </Item>
    <Item>
      <PriceUpdateDate>2025-09-07 13:27</PriceUpdateDate>
      <ItemCode>4467180</ItemCode>
      <ItemType>1</ItemType>
      <ItemName>שניצל עוף דק פרימיום</ItemName>
      <ManufacturerName>לא ידוע</ManufacturerName>
      <ManufactureCountry>לא ידוע</ManufactureCountry>
      <ManufacturerItemDescription>שניצל עוף דק פרימיום</ManufacturerItemDescription>
      <UnitQty>Unknown</UnitQty>
      <Quantity>0.00</Quantity>
      <bIsWeighted>1</bIsWeighted>
      <UnitOfMeasure>ק"ג</UnitOfMeasure>
      <QtyInPackage>0</QtyInPackage>
      <ItemPrice>55.90</ItemPrice>
      <UnitOfMeasurePrice>55.90</UnitOfMeasurePrice>
      <AllowDiscount>1</AllowDiscount>
      <ItemStatus>1</ItemStatus>
    </Item>
    <Item>
      <PriceUpdateDate>2025-02-20 18:01</PriceUpdateDate>
      <ItemCode>44738072311</ItemCode>
      <ItemType>1</ItemType>
      <ItemName>רוטב צילי מתוק 280 מ"ל</ItemName>
      <ManufacturerName>לא ידוע</ManufacturerName>
      <ManufactureCountry>תאילנד</ManufactureCountry>
      <ManufacturerItemDescription>רוטב צילי מתוק 280 מ</ManufacturerItemDescription>
      <UnitQty>מיליליטרים</UnitQty>
      <Quantity>280.00</Quantity>
      <bIsWeighted>0</bIsWeighted>
      <UnitOfMeasure>100 מ"ל</UnitOfMeasure>
      <QtyInPackage>1</QtyInPackage>
      <ItemPrice>14.90</ItemPrice>
      <UnitOfMeasurePrice>5.32</UnitOfMeasurePrice>
      <AllowDiscount>1</AllowDiscount>
      <ItemStatus>1</ItemStatus>
    </Item>
    <Item>
      <PriceUpdateDate>2025-07-10 11:35</PriceUpdateDate>
      <ItemCode>4530044</ItemCode>
      <ItemType>1</ItemType>
      <ItemName>אמנטל צרפתי במשקל</ItemName>
      <ManufacturerName>לא ידוע</ManufacturerName>
      <ManufactureCountry>לא ידוע</ManufactureCountry>
      <ManufacturerItemDescription>אמנטל צרפתי במשקל   </ManufacturerItemDescription>
      <UnitQty>Unknown</UnitQty>
      <Quantity>0.00</Quantity>
      <bIsWeighted>1</bIsWeighted>
      <UnitOfMeasure>ק"ג</UnitOfMeasure>
      <QtyInPackage>0</QtyInPackage>
      <ItemPrice>149.00</ItemPrice>
      <UnitOfMeasurePrice>149.00</UnitOfMeasurePrice>
      <AllowDiscount>1</AllowDiscount>
      <ItemStatus>1</ItemStatus>
    </Item>
    <Item>
      <PriceUpdateDate>2024-03-18 19:13</PriceUpdateDate>
      <ItemCode>45358850</ItemCode>
      <ItemType>1</ItemType>
      <ItemName>אוסובוקו טרי פרוס</ItemName>
      <ManufacturerName>לא ידוע</ManufacturerName>
      <ManufactureCountry>לא ידוע</ManufactureCountry>
      <ManufacturerItemDescription>אוסובוקו טרי        </ManufacturerItemDescription>
      <UnitQty>Unknown</UnitQty>
      <Quantity>0.00</Quantity>
      <bIsWeighted>1</bIsWeighted>
      <UnitOfMeasure>ק"ג</UnitOfMeasure>
      <QtyInPackage>0</QtyInPackage>
      <ItemPrice>57.90</ItemPrice>
      <UnitOfMeasurePrice>57.90</UnitOfMeasurePrice>
      <AllowDiscount>1</AllowDiscount>
      <ItemStatus>1</ItemStatus>
    </Item>
    <Item>
      <PriceUpdateDate>2025-08-26 11:00</PriceUpdateDate>
      <ItemCode>4600068064035</ItemCode>
      <ItemType>1</ItemType>
      <ItemName>קוואס אוצקובסקי 450 מ"ל פחית</ItemName>
      <ManufacturerName>לא ידוע</ManufacturerName>
      <ManufactureCountry />
      <ManufacturerItemDescription>קוואס אוצקובסקי 450 </ManufacturerItemDescription>
      <UnitQty>מיליליטרים</UnitQty>
      <Quantity>450.00</Quantity>
      <bIsWeighted>0</bIsWeighted>
      <UnitOfMeasure>100 מ"ל</UnitOfMeasure>
      <QtyInPackage>1</QtyInPackage>
      <ItemPrice>10.20</ItemPrice>
      <UnitOfMeasurePrice>2.27</UnitOfMeasurePrice>
      <AllowDiscount>1</AllowDiscount>
      <ItemStatus>1</ItemStatus>
    </Item>
    <Item>
      <PriceUpdateDate>2025-05-06 06:39</PriceUpdateDate>
      <ItemCode>4600625314498</ItemCode>
      <ItemType>1</ItemType>
      <ItemName>גלידה פלומביר אסקימו 80 גר</ItemName>
      <ManufacturerName>לא ידוע</ManufacturerName>
      <ManufactureCountry>לא ידוע</ManufactureCountry>
      <ManufacturerItemDescription>גלידה פלומביר אסקימו</ManufacturerItemDescription>
      <UnitQty>גרמים</UnitQty>
      <Quantity>80.00</Quantity>
      <bIsWeighted>0</bIsWeighted>
      <UnitOfMeasure>100 גרם</UnitOfMeasure>
      <QtyInPackage>1</QtyInPackage>
      <ItemPrice>9.50</ItemPrice>
      <UnitOfMeasurePrice>11.88</UnitOfMeasurePrice>
      <AllowDiscount>1</AllowDiscount>
      <ItemStatus>1</ItemStatus>
    </Item>
    <Item>
      <PriceUpdateDate>2025-03-02 17:45</PriceUpdateDate>
      <ItemCode>4600659010854</ItemCode>
      <ItemType>1</ItemType>
      <ItemName>וודקה 40% סטולי 700 מ"ל</ItemName>
      <ManufacturerName>לא ידוע</ManufacturerName>
      <ManufactureCountry>לא ידוע</ManufactureCountry>
      <ManufacturerItemDescription>וודקה 40% סטולי 700 </ManufacturerItemDescription>
      <UnitQty>מיליליטרים</UnitQty>
      <Quantity>700.00</Quantity>
      <bIsWeighted>0</bIsWeighted>
      <UnitOfMeasure>100 מ"ל</UnitOfMeasure>
      <QtyInPackage>1</QtyInPackage>
      <ItemPrice>79.90</ItemPrice>
      <UnitOfMeasurePrice>11.41</UnitOfMeasurePrice>
      <AllowDiscount>1</AllowDiscount>
      <ItemStatus>1</ItemStatus>
    </Item>
    <Item>
      <PriceUpdateDate>2025-03-20 09:39</PriceUpdateDate>
      <ItemCode>4601576004100</ItemCode>
      <ItemType>1</ItemType>
      <ItemName>מיונז מצטה חוזייקי קלאסי רוטב לסלט 873 ג</ItemName>
      <ManufacturerName>לא ידוע</ManufacturerName>
      <ManufactureCountry>לא ידוע</ManufactureCountry>
      <ManufacturerItemDescription>רוטב תיבול פרובנסל  </ManufacturerItemDescription>
      <UnitQty>מיליליטרים</UnitQty>
      <Quantity>900.00</Quantity>
      <bIsWeighted>0</bIsWeighted>
      <UnitOfMeasure>100 מ"ל</UnitOfMeasure>
      <QtyInPackage>1</QtyInPackage>
      <ItemPrice>30.90</ItemPrice>
      <UnitOfMeasurePrice>3.43</UnitOfMeasurePrice>
      <AllowDiscount>1</AllowDiscount>
      <ItemStatus>1</ItemStatus>
    </Item>
    <Item>
      <PriceUpdateDate>2025-09-30 09:16</PriceUpdateDate>
      <ItemCode>4607002990290</ItemCode>
      <ItemType>1</ItemType>
      <ItemName>מלפפונים מוחמצים 680 גר   D. Vanya</ItemName>
      <ManufacturerName>לא ידוע</ManufacturerName>
      <ManufactureCountry />
      <ManufacturerItemDescription>מלפפונים מוחמצים 680</ManufacturerItemDescription>
      <UnitQty>גרמים</UnitQty>
      <Quantity>680.00</Quantity>
      <bIsWeighted>0</bIsWeighted>
      <UnitOfMeasure>100 גרם</UnitOfMeasure>
      <QtyInPackage>1</QtyInPackage>
      <ItemPrice>21.90</ItemPrice>
      <UnitOfMeasurePrice>3.22</UnitOfMeasurePrice>
      <AllowDiscount>1</AllowDiscount>
      <ItemStatus>1</ItemStatus>
    </Item>
    <Item>
      <PriceUpdateDate>2025-09-30 09:16</PriceUpdateDate>
      <ItemCode>4607002995752</ItemCode>
      <ItemType>1</ItemType>
      <ItemName>אסורטי עגבניות/מלפפונים דיאדיה וניה 680</ItemName>
      <ManufacturerName>לא ידוע</ManufacturerName>
      <ManufactureCountry />
      <ManufacturerItemDescription>אסורטי עגבניות/מלפפו</ManufacturerItemDescription>
      <UnitQty>גרמים</UnitQty>
      <Quantity>680.00</Quantity>
      <bIsWeighted>0</bIsWeighted>
      <UnitOfMeasure>100 גרם</UnitOfMeasure>
      <QtyInPackage>1</QtyInPackage>
      <ItemPrice>21.90</ItemPrice>
      <UnitOfMeasurePrice>3.22</UnitOfMeasurePrice>
      <AllowDiscount>1</AllowDiscount>
      <ItemStatus>1</ItemStatus>
    </Item>
    <Item>
      <PriceUpdateDate>2025-09-30 09:16</PriceUpdateDate>
      <ItemCode>4607002999187</ItemCode>
      <ItemType>1</ItemType>
      <ItemName>קורנישונים צרפתי דיאדיה וניה 680 גרם</ItemName>
      <ManufacturerName>לא ידוע</ManufacturerName>
      <ManufactureCountry>רוסיה</ManufactureCountry>
      <ManufacturerItemDescription>קורנישונים צרפתי דיא</ManufacturerItemDescription>
      <UnitQty>גרמים</UnitQty>
      <Quantity>680.00</Quantity>
      <bIsWeighted>0</bIsWeighted>
      <UnitOfMeasure>100 גרם</UnitOfMeasure>
      <QtyInPackage>1</QtyInPackage>
      <ItemPrice>21.90</ItemPrice>
      <UnitOfMeasurePrice>3.22</UnitOfMeasurePrice>
      <AllowDiscount>1</AllowDiscount>
      <ItemStatus>1</ItemStatus>
    </Item>
    <Item>
      <PriceUpdateDate>2024-11-28 07:58</PriceUpdateDate>
      <ItemCode>4607012350992</ItemCode>
      <ItemType>1</ItemType>
      <ItemName>גרעיני חמניות מרטין 100 גרם</ItemName>
      <ManufacturerName>לא ידוע</ManufacturerName>
      <ManufactureCountry>לא ידוע</ManufactureCountry>
      <ManufacturerItemDescription>גרעיני חמניות מרטין </ManufacturerItemDescription>
      <UnitQty>גרמים</UnitQty>
      <Quantity>100.00</Quantity>
      <bIsWeighted>0</bIsWeighted>
      <UnitOfMeasure>100 גרם</UnitOfMeasure>
      <QtyInPackage>1</QtyInPackage>
      <ItemPrice>9.10</ItemPrice>
      <UnitOfMeasurePrice>9.10</UnitOfMeasurePrice>
      <AllowDiscount>1</AllowDiscount>
      <ItemStatus>1</ItemStatus>
    </Item>
    <Item>
      <PriceUpdateDate>2025-01-30 07:57</PriceUpdateDate>
      <ItemCode>4607012351005</ItemCode>
      <ItemType>1</ItemType>
      <ItemName>גרעיני חמניות מרטין ללא מלח 200 גרם</ItemName>
      <ManufacturerName>לא ידוע</ManufacturerName>
      <ManufactureCountry>לא ידוע</ManufactureCountry>
      <ManufacturerItemDescription>גרעיני חמניות מרטין </ManufacturerItemDescription>
      <UnitQty>גרמים</UnitQty>
      <Quantity>200.00</Quantity>
      <bIsWeighted>0</bIsWeighted>
      <UnitOfMeasure>100 גרם</UnitOfMeasure>
      <QtyInPackage>1</QtyInPackage>
      <ItemPrice>14.50</ItemPrice>
      <UnitOfMeasurePrice>7.25</UnitOfMeasurePrice>
      <AllowDiscount>1</AllowDiscount>
      <ItemStatus>1</ItemStatus>
    </Item>
    <Item>
      <PriceUpdateDate>2022-06-02 10:24</PriceUpdateDate>
      <ItemCode>4607012351128</ItemCode>
      <ItemType>1</ItemType>
      <ItemName>גרעיני חמניות מרטין 500 גרם</ItemName>
      <ManufacturerName>לא ידוע</ManufacturerName>
      <ManufactureCountry>לא ידוע</ManufactureCountry>
      <ManufacturerItemDescription>גרעיני חמניות מרטין </ManufacturerItemDescription>
      <UnitQty>גרמים</UnitQty>
      <Quantity>500.00</Quantity>
      <bIsWeighted>0</bIsWeighted>
      <UnitOfMeasure>100 גרם</UnitOfMeasure>
      <QtyInPackage>1</QtyInPackage>
      <ItemPrice>31.50</ItemPrice>
      <UnitOfMeasurePrice>6.30</UnitOfMeasurePrice>
      <AllowDiscount>1</AllowDiscount>
      <ItemStatus>1</ItemStatus>
    </Item>
    <Item>
      <PriceUpdateDate>2025-01-13 10:18</PriceUpdateDate>
      <ItemCode>4607012351999</ItemCode>
      <ItemType>1</ItemType>
      <ItemName>גרעיני חמניות מרטין עם מלח 200 גרם</ItemName>
      <ManufacturerName>לא ידוע</ManufacturerName>
      <ManufactureCountry>לא ידוע</ManufactureCountry>
      <ManufacturerItemDescription>גרעיני חמניות מרטין </ManufacturerItemDescription>
      <UnitQty>גרמים</UnitQty>
      <Quantity>200.00</Quantity>
      <bIsWeighted>0</bIsWeighted>
      <UnitOfMeasure>100 גרם</UnitOfMeasure>
      <QtyInPackage>1</QtyInPackage>
      <ItemPrice>14.50</ItemPrice>
      <UnitOfMeasurePrice>7.25</UnitOfMeasurePrice>
      <AllowDiscount>1</AllowDiscount>
      <ItemStatus>1</ItemStatus>
    </Item>
    <Item>
      <PriceUpdateDate>2022-06-13 18:41</PriceUpdateDate>
      <ItemCode>4607012352095</ItemCode>
      <ItemType>1</ItemType>
      <ItemName>גרעיני חמניות מרטין עם מלח 500 גרם</ItemName>
      <ManufacturerName>לא ידוע</ManufacturerName>
      <ManufactureCountry>לא ידוע</ManufactureCountry>
      <ManufacturerItemDescription>גרעיני חמניות מרטין </ManufacturerItemDescription>
      <UnitQty>גרמים</UnitQty>
      <Quantity>500.00</Quantity>
      <bIsWeighted>0</bIsWeighted>
      <UnitOfMeasure>100 גרם</UnitOfMeasure>
      <QtyInPackage>1</QtyInPackage>
      <ItemPrice>31.50</ItemPrice>
      <UnitOfMeasurePrice>6.30</UnitOfMeasurePrice>
      <AllowDiscount>1</AllowDiscount>
      <ItemStatus>1</ItemStatus>
    </Item>
    <Item>
      <PriceUpdateDate>2025-08-27 16:56</PriceUpdateDate>
      <ItemCode>4607012352453</ItemCode>
      <ItemType>1</ItemType>
      <ItemName>גרעיני חמניות מרטין פסים עם מלח 150 גר</ItemName>
      <ManufacturerName>לא ידוע</ManufacturerName>
      <ManufactureCountry>לא ידוע</ManufactureCountry>
      <ManufacturerItemDescription>גרעיני חמניות מרטין </ManufacturerItemDescription>
      <UnitQty>גרמים</UnitQty>
      <Quantity>150.00</Quantity>
      <bIsWeighted>0</bIsWeighted>
      <UnitOfMeasure>100 גרם</UnitOfMeasure>
      <QtyInPackage>1</QtyInPackage>
      <ItemPrice>12.50</ItemPrice>
      <UnitOfMeasurePrice>8.33</UnitOfMeasurePrice>
      <AllowDiscount>1</AllowDiscount>
      <ItemStatus>1</ItemStatus>
    </Item>
    <Item>
      <PriceUpdateDate>2025-01-30 07:58</PriceUpdateDate>
      <ItemCode>4607012352538</ItemCode>
      <ItemType>1</ItemType>
      <ItemName>גרעיני חמניות מרטין מיקס 200 גרם</ItemName>
      <ManufacturerName>לא ידוע</ManufacturerName>
      <ManufactureCountry>לא ידוע</ManufactureCountry>
      <ManufacturerItemDescription>גרעיני חמניות מרטין </ManufacturerItemDescription>
      <UnitQty>גרמים</UnitQty>
      <Quantity>200.00</Quantity>
      <bIsWeighted>0</bIsWeighted>
      <UnitOfMeasure>100 גרם</UnitOfMeasure>
      <QtyInPackage>1</QtyInPackage>
      <ItemPrice>14.50</ItemPrice>
      <UnitOfMeasurePrice>7.25</UnitOfMeasurePrice>
      <AllowDiscount>1</AllowDiscount>
      <ItemStatus>1</ItemStatus>
    </Item>
    <Item>
      <PriceUpdateDate>2025-03-20 09:41</PriceUpdateDate>
      <ItemCode>4607016240893</ItemCode>
      <ItemType>1</ItemType>
      <ItemName>כוסמת אובלקה 800 גרם</ItemName>
      <ManufacturerName>לא ידוע</ManufacturerName>
      <ManufactureCountry>רוסיה</ManufactureCountry>
      <ManufacturerItemDescription>כוסמת אובלקה 800 גרם</ManufacturerItemDescription>
      <UnitQty>גרמים</UnitQty>
      <Quantity>800.00</Quantity>
      <bIsWeighted>0</bIsWeighted>
      <UnitOfMeasure>100 גרם</UnitOfMeasure>
      <QtyInPackage>1</QtyInPackage>
      <ItemPrice>14.20</ItemPrice>
      <UnitOfMeasurePrice>1.78</UnitOfMeasurePrice>
      <AllowDiscount>1</AllowDiscount>
      <ItemStatus>1</ItemStatus>
    </Item>
    <Item>
      <PriceUpdateDate>2023-01-03 22:28</PriceUpdateDate>
      <ItemCode>4607016245461</ItemCode>
      <ItemType>1</ItemType>
      <ItemName>גריסי חיטה 5*80 גר</ItemName>
      <ManufacturerName>לא ידוע</ManufacturerName>
      <ManufactureCountry>לא ידוע</ManufactureCountry>
      <ManufacturerItemDescription>גריסי חיטה 5*80 גר  </ManufacturerItemDescription>
      <UnitQty>גרמים</UnitQty>
      <Quantity>400.00</Quantity>
      <bIsWeighted>0</bIsWeighted>
      <UnitOfMeasure>100 גרם</UnitOfMeasure>
      <QtyInPackage>1</QtyInPackage>
      <ItemPrice>12.40</ItemPrice>
      <UnitOfMeasurePrice>3.10</UnitOfMeasurePrice>
      <AllowDiscount>1</AllowDiscount>
      <ItemStatus>1</ItemStatus>
    </Item>
    <Item>
      <PriceUpdateDate>2025-05-23 08:04</PriceUpdateDate>
      <ItemCode>4607025280026</ItemCode>
      <ItemType>1</ItemType>
      <ItemName>קמח חיטה 1 קג</ItemName>
      <ManufacturerName>לא ידוע</ManufacturerName>
      <ManufactureCountry>לא ידוע</ManufactureCountry>
      <ManufacturerItemDescription>קמח חיטה 1 ק"ג      </ManufacturerItemDescription>
      <UnitQty>גרמים</UnitQty>
      <Quantity>1000.00</Quantity>
      <bIsWeighted>0</bIsWeighted>
      <UnitOfMeasure>100 גרם</UnitOfMeasure>
      <QtyInPackage>1</QtyInPackage>
      <ItemPrice>11.90</ItemPrice>
      <UnitOfMeasurePrice>1.19</UnitOfMeasurePrice>
      <AllowDiscount>1</AllowDiscount>
      <ItemStatus>1</ItemStatus>
    </Item>
    <Item>
      <PriceUpdateDate>2025-05-06 06:39</PriceUpdateDate>
      <ItemCode>4607067937537</ItemCode>
      <ItemType>1</ItemType>
      <ItemName>גלידה כוס פלומביר פילבסקי 90 גר</ItemName>
      <ManufacturerName>לא ידוע</ManufacturerName>
      <ManufactureCountry>לא ידוע</ManufactureCountry>
      <ManufacturerItemDescription>גלידה כוס פלומביר פי</ManufacturerItemDescription>
      <UnitQty>גרמים</UnitQty>
      <Quantity>90.00</Quantity>
      <bIsWeighted>0</bIsWeighted>
      <UnitOfMeasure>100 גרם</UnitOfMeasure>
      <QtyInPackage>1</QtyInPackage>
      <ItemPrice>9.50</ItemPrice>
      <UnitOfMeasurePrice>10.56</UnitOfMeasurePrice>
      <AllowDiscount>1</AllowDiscount>
      <ItemStatus>1</ItemStatus>
    </Item>
    <Item>
      <PriceUpdateDate>2025-05-06 06:39</PriceUpdateDate>
      <ItemCode>4607067937551</ItemCode>
      <ItemType>1</ItemType>
      <ItemName>גלידה כוס פלומביר פילבסקי שוקולד 90 גר</ItemName>
      <ManufacturerName>לא ידוע</ManufacturerName>
      <ManufactureCountry>לא ידוע</ManufactureCountry>
      <ManufacturerItemDescription>גלידה כוס פלומביר פי</ManufacturerItemDescription>
      <UnitQty>גרמים</UnitQty>
      <Quantity>90.00</Quantity>
      <bIsWeighted>0</bIsWeighted>
      <UnitOfMeasure>100 גרם</UnitOfMeasure>
      <QtyInPackage>1</QtyInPackage>
      <ItemPrice>9.50</ItemPrice>
      <UnitOfMeasurePrice>10.56</UnitOfMeasurePrice>
      <AllowDiscount>1</AllowDiscount>
      <ItemStatus>1</ItemStatus>
    </Item>
    <Item>
      <PriceUpdateDate>2024-12-11 07:13</PriceUpdateDate>
      <ItemCode>4607120230933</ItemCode>
      <ItemType>1</ItemType>
      <ItemName>כוסמת 800 גר</ItemName>
      <ManufacturerName>לא ידוע</ManufacturerName>
      <ManufactureCountry>רוסיה</ManufactureCountry>
      <ManufacturerItemDescription>כוסמת 800 גר        </ManufacturerItemDescription>
      <UnitQty>גרמים</UnitQty>
      <Quantity>800.00</Quantity>
      <bIsWeighted>0</bIsWeighted>
      <UnitOfMeasure>100 גרם</UnitOfMeasure>
      <QtyInPackage>1</QtyInPackage>
      <ItemPrice>14.90</ItemPrice>
      <UnitOfMeasurePrice>1.86</UnitOfMeasurePrice>
      <AllowDiscount>1</AllowDiscount>
      <ItemStatus>1</ItemStatus>
    </Item>
    <Item>
      <PriceUpdateDate>2025-05-06 06:39</PriceUpdateDate>
      <ItemCode>4620032651207</ItemCode>
      <ItemType>1</ItemType>
      <ItemName>גלידת וניל בגביע מילוי ריבת חלב 100 גר</ItemName>
      <ManufacturerName>לא ידוע</ManufacturerName>
      <ManufactureCountry>רוסיה</ManufactureCountry>
      <ManufacturerItemDescription>גלידת וניל בגביע מיל</ManufacturerItemDescription>
      <UnitQty>גרמים</UnitQty>
      <Quantity>100.00</Quantity>
      <bIsWeighted>0</bIsWeighted>
      <UnitOfMeasure>100 גרם</UnitOfMeasure>
      <QtyInPackage>1</QtyInPackage>
      <ItemPrice>9.50</ItemPrice>
      <UnitOfMeasurePrice>9.50</UnitOfMeasurePrice>
      <AllowDiscount>1</AllowDiscount>
      <ItemStatus>1</ItemStatus>
    </Item>
    <Item>
      <PriceUpdateDate>2024-04-03 18:20</PriceUpdateDate>
      <ItemCode>46214731552</ItemCode>
      <ItemType>1</ItemType>
      <ItemName>עוגיות מרבה שוקולד ציפס 225 גר</ItemName>
      <ManufacturerName>לא ידוע</ManufacturerName>
      <ManufactureCountry>לא ידוע</ManufactureCountry>
      <ManufacturerItemDescription>עוגיות מרבה שוקולד צ</ManufacturerItemDescription>
      <UnitQty>גרמים</UnitQty>
      <Quantity>225.00</Quantity>
      <bIsWeighted>0</bIsWeighted>
      <UnitOfMeasure>100 גרם</UnitOfMeasure>
      <QtyInPackage>1</QtyInPackage>
      <ItemPrice>12.90</ItemPrice>
      <UnitOfMeasurePrice>5.73</UnitOfMeasurePrice>
      <AllowDiscount>1</AllowDiscount>
      <ItemStatus>1</ItemStatus>
    </Item>
    <Item>
      <PriceUpdateDate>2025-10-19 15:19</PriceUpdateDate>
      <ItemCode>46214930207</ItemCode>
      <ItemType>1</ItemType>
      <ItemName>עוגיות מרבה עם סוכריות צבעוניות 150 גרם</ItemName>
      <ManufacturerName>לא ידוע</ManufacturerName>
      <ManufactureCountry>הולנד</ManufactureCountry>
      <ManufacturerItemDescription>עוגיות מרבה עם סוכרי</ManufacturerItemDescription>
      <UnitQty>גרמים</UnitQty>
      <Quantity>150.00</Quantity>
      <bIsWeighted>0</bIsWeighted>
      <UnitOfMeasure>100 גרם</UnitOfMeasure>
      <QtyInPackage>1</QtyInPackage>
      <ItemPrice>13.90</ItemPrice>
      <UnitOfMeasurePrice>9.27</UnitOfMeasurePrice>
      <AllowDiscount>1</AllowDiscount>
      <ItemStatus>1</ItemStatus>
    </Item>
    <Item>
      <PriceUpdateDate>2025-09-30 09:16</PriceUpdateDate>
      <ItemCode>4630038371658</ItemCode>
      <ItemType>1</ItemType>
      <ItemName>עגבניות כבושות במלח דוד וניה 680 גר</ItemName>
      <ManufacturerName>לא ידוע</ManufacturerName>
      <ManufactureCountry />
      <ManufacturerItemDescription>עגבניות כבושות במלח </ManufacturerItemDescription>
      <UnitQty>גרמים</UnitQty>
      <Quantity>680.00</Quantity>
      <bIsWeighted>0</bIsWeighted>
      <UnitOfMeasure>100 גרם</UnitOfMeasure>
      <QtyInPackage>1</QtyInPackage>
      <ItemPrice>21.90</ItemPrice>
      <UnitOfMeasurePrice>3.22</UnitOfMeasurePrice>
      <AllowDiscount>1</AllowDiscount>
      <ItemStatus>1</ItemStatus>
    </Item>
    <Item>
      <PriceUpdateDate>2023-08-04 09:06</PriceUpdateDate>
      <ItemCode>4640018993343</ItemCode>
      <ItemType>1</ItemType>
      <ItemName>טבליות למדיח פיניש קוואנטום רגיל 30 יח</ItemName>
      <ManufacturerName>לא ידוע</ManufacturerName>
      <ManufactureCountry>פולין</ManufactureCountry>
      <ManufacturerItemDescription>טבליות למדיח פיניש ק</ManufacturerItemDescription>
      <UnitQty>Unknown</UnitQty>
      <Quantity>0.00</Quantity>
      <bIsWeighted>0</bIsWeighted>
      <UnitOfMeasure>Unknown</UnitOfMeasure>
      <QtyInPackage>1</QtyInPackage>
      <ItemPrice>47.90</ItemPrice>
      <UnitOfMeasurePrice>47.90</UnitOfMeasurePrice>
      <AllowDiscount>1</AllowDiscount>
      <ItemStatus>1</ItemStatus>
    </Item>
    <Item>
      <PriceUpdateDate>2025-05-23 08:09</PriceUpdateDate>
      <ItemCode>47034</ItemCode>
      <ItemType>1</ItemType>
      <ItemName>קולאז רוקפור גליל במשקל-חריץ</ItemName>
      <ManufacturerName>לא ידוע</ManufacturerName>
      <ManufactureCountry>לא ידוע</ManufactureCountry>
      <ManufacturerItemDescription>קולאז רוקפור גליל   </ManufacturerItemDescription>
      <UnitQty>קילוגרמים</UnitQty>
      <Quantity>0.00</Quantity>
      <bIsWeighted>1</bIsWeighted>
      <UnitOfMeasure>ק"ג</UnitOfMeasure>
      <QtyInPackage>0</QtyInPackage>
      <ItemPrice>168.00</ItemPrice>
      <UnitOfMeasurePrice>168.00</UnitOfMeasurePrice>
      <AllowDiscount>1</AllowDiscount>
      <ItemStatus>1</ItemStatus>
    </Item>
    <Item>
      <PriceUpdateDate>2023-06-11 08:23</PriceUpdateDate>
      <ItemCode>4710068001692</ItemCode>
      <ItemType>1</ItemType>
      <ItemName>מאסטר קפה לאטה 240 מ"ל</ItemName>
      <ManufacturerName>לא ידוע</ManufacturerName>
      <ManufactureCountry>לא ידוע</ManufactureCountry>
      <ManufacturerItemDescription>מאסטר קפה לאטה 240 מ</ManufacturerItemDescription>
      <UnitQty>מיליליטרים</UnitQty>
      <Quantity>240.00</Quantity>
      <bIsWeighted>0</bIsWeighted>
      <UnitOfMeasure>100 מ"ל</UnitOfMeasure>
      <QtyInPackage>1</QtyInPackage>
      <ItemPrice>9.20</ItemPrice>
      <UnitOfMeasurePrice>3.83</UnitOfMeasurePrice>
      <AllowDiscount>1</AllowDiscount>
      <ItemStatus>1</ItemStatus>
    </Item>
    <Item>
      <PriceUpdateDate>2023-08-27 16:08</PriceUpdateDate>
      <ItemCode>4710068001715</ItemCode>
      <ItemType>1</ItemType>
      <ItemName>מאסטר קפה טירמיסו 240 מ"ל</ItemName>
      <ManufacturerName>לא ידוע</ManufacturerName>
      <ManufactureCountry>לא ידוע</ManufactureCountry>
      <ManufacturerItemDescription>מאסטר קפה טירמיסו 24</ManufacturerItemDescription>
      <UnitQty>מיליליטרים</UnitQty>
      <Quantity>240.00</Quantity>
      <bIsWeighted>0</bIsWeighted>
      <UnitOfMeasure>100 מ"ל</UnitOfMeasure>
      <QtyInPackage>1</QtyInPackage>
      <ItemPrice>9.20</ItemPrice>
      <UnitOfMeasurePrice>3.83</UnitOfMeasurePrice>
      <AllowDiscount>1</AllowDiscount>
      <ItemStatus>1</ItemStatus>
    </Item>
    <Item>
      <PriceUpdateDate>2023-06-11 08:14</PriceUpdateDate>
      <ItemCode>4710068002798</ItemCode>
      <ItemType>1</ItemType>
      <ItemName>מאסטר קפה וונילה 240 מ"ל</ItemName>
      <ManufacturerName>לא ידוע</ManufacturerName>
      <ManufactureCountry>לא ידוע</ManufactureCountry>
      <ManufacturerItemDescription>מאסטר קפה וניל 240 מ</ManufacturerItemDescription>
      <UnitQty>מיליליטרים</UnitQty>
      <Quantity>240.00</Quantity>
      <bIsWeighted>0</bIsWeighted>
      <UnitOfMeasure>100 מ"ל</UnitOfMeasure>
      <QtyInPackage>1</QtyInPackage>
      <ItemPrice>9.20</ItemPrice>
      <UnitOfMeasurePrice>3.83</UnitOfMeasurePrice>
      <AllowDiscount>1</AllowDiscount>
      <ItemStatus>1</ItemStatus>
    </Item>
    <Item>
      <PriceUpdateDate>2024-07-17 08:32</PriceUpdateDate>
      <ItemCode>4710964104916</ItemCode>
      <ItemType>1</ItemType>
      <ItemName>שמן שומשום טהור 370 מל</ItemName>
      <ManufacturerName>לא ידוע</ManufacturerName>
      <ManufactureCountry>לא ידוע</ManufactureCountry>
      <ManufacturerItemDescription>שמן שומשום טהור 370 </ManufacturerItemDescription>
      <UnitQty>מיליליטרים</UnitQty>
      <Quantity>370.00</Quantity>
      <bIsWeighted>0</bIsWeighted>
      <UnitOfMeasure>100 מ"ל</UnitOfMeasure>
      <QtyInPackage>1</QtyInPackage>
      <ItemPrice>27.90</ItemPrice>
      <UnitOfMeasurePrice>7.54</UnitOfMeasurePrice>
      <AllowDiscount>1</AllowDiscount>
      <ItemStatus>1</ItemStatus>
    </Item>
    <Item>
      <PriceUpdateDate>2025-03-20 12:21</PriceUpdateDate>
      <ItemCode>4710964170799</ItemCode>
      <ItemType>1</ItemType>
      <ItemName>שומשום שחור קלוי 91 גרם</ItemName>
      <ManufacturerName>לא ידוע</ManufacturerName>
      <ManufactureCountry>לא ידוע</ManufactureCountry>
      <ManufacturerItemDescription>שומשום שחור קלוי 91 </ManufacturerItemDescription>
      <UnitQty>גרמים</UnitQty>
      <Quantity>91.00</Quantity>
      <bIsWeighted>0</bIsWeighted>
      <UnitOfMeasure>100 גרם</UnitOfMeasure>
      <QtyInPackage>1</QtyInPackage>
      <ItemPrice>23.90</ItemPrice>
      <UnitOfMeasurePrice>26.26</UnitOfMeasurePrice>
      <AllowDiscount>1</AllowDiscount>
      <ItemStatus>1</ItemStatus>
    </Item>
    <Item>
      <PriceUpdateDate>2025-05-23 08:09</PriceUpdateDate>
      <ItemCode>4725600</ItemCode>
      <ItemType>1</ItemType>
      <ItemName>גבינה צהובה סקנדינבית 31% במשקל</ItemName>
      <ManufacturerName>לא ידוע</ManufacturerName>
      <ManufactureCountry>לא ידוע</ManufactureCountry>
      <ManufacturerItemDescription>גבינה צהובה סקנדינבי</ManufacturerItemDescription>
      <UnitQty>Unknown</UnitQty>
      <Quantity>0.00</Quantity>
      <bIsWeighted>1</bIsWeighted>
      <UnitOfMeasure>ק"ג</UnitOfMeasure>
      <QtyInPackage>0</QtyInPackage>
      <ItemPrice>107.00</ItemPrice>
      <UnitOfMeasurePrice>107.00</UnitOfMeasurePrice>
      <AllowDiscount>1</AllowDiscount>
      <ItemStatus>1</ItemStatus>
    </Item>
    <Item>
      <PriceUpdateDate>2024-09-04 11:33</PriceUpdateDate>
      <ItemCode>4740098001683</ItemCode>
      <ItemType>1</ItemType>
      <ItemName>קוקטייל פינה קולדה אה לה קוק 330 מ"ל</ItemName>
      <ManufacturerName>לא ידוע</ManufacturerName>
      <ManufactureCountry>לא ידוע</ManufactureCountry>
      <ManufacturerItemDescription>קוקטייל פינה קולדה א</ManufacturerItemDescription>
      <UnitQty>מיליליטרים</UnitQty>
      <Quantity>330.00</Quantity>
      <bIsWeighted>0</bIsWeighted>
      <UnitOfMeasure>100 מ"ל</UnitOfMeasure>
      <QtyInPackage>1</QtyInPackage>
      <ItemPrice>10.90</ItemPrice>
      <UnitOfMeasurePrice>3.30</UnitOfMeasurePrice>
      <AllowDiscount>1</AllowDiscount>
      <ItemStatus>1</ItemStatus>
    </Item>
    <Item>
      <PriceUpdateDate>2024-06-22 17:29</PriceUpdateDate>
      <ItemCode>4740098079323</ItemCode>
      <ItemType>1</ItemType>
      <ItemName>סיידר "FIZZ" אגס 500 מ"ל</ItemName>
      <ManufacturerName>לא ידוע</ManufacturerName>
      <ManufactureCountry>לא ידוע</ManufactureCountry>
      <ManufacturerItemDescription>סיידר "FIZZ" אגס 500</ManufacturerItemDescription>
      <UnitQty>מיליליטרים</UnitQty>
      <Quantity>500.00</Quantity>
      <bIsWeighted>0</bIsWeighted>
      <UnitOfMeasure>100 מ"ל</UnitOfMeasure>
      <QtyInPackage>1</QtyInPackage>
      <ItemPrice>9.90</ItemPrice>
      <UnitOfMeasurePrice>1.98</UnitOfMeasurePrice>
      <AllowDiscount>1</AllowDiscount>
      <ItemStatus>1</ItemStatus>
    </Item>
    <Item>
      <PriceUpdateDate>2024-09-04 11:33</PriceUpdateDate>
      <ItemCode>4740098098331</ItemCode>
      <ItemType>1</ItemType>
      <ItemName>קוקטייל בלו לגון אה לה קוק 330 מ"ל</ItemName>
      <ManufacturerName>לא ידוע</ManufacturerName>
      <ManufactureCountry>לא ידוע</ManufactureCountry>
      <ManufacturerItemDescription>קוקטייל בלו לגון אה </ManufacturerItemDescription>
      <UnitQty>מיליליטרים</UnitQty>
      <Quantity>330.00</Quantity>
      <bIsWeighted>0</bIsWeighted>
      <UnitOfMeasure>100 מ"ל</UnitOfMeasure>
      <QtyInPackage>1</QtyInPackage>
      <ItemPrice>10.90</ItemPrice>
      <UnitOfMeasurePrice>3.30</UnitOfMeasurePrice>
      <AllowDiscount>1</AllowDiscount>
      <ItemStatus>1</ItemStatus>
    </Item>
    <Item>
      <PriceUpdateDate>2024-09-04 11:34</PriceUpdateDate>
      <ItemCode>4740098098355</ItemCode>
      <ItemType>1</ItemType>
      <ItemName>קוקטייל מוחיטו אה לה קוק 330 מ"ל</ItemName>
      <ManufacturerName>לא ידוע</ManufacturerName>
      <ManufactureCountry>לא ידוע</ManufactureCountry>
      <ManufacturerItemDescription>קוקטייל מוחיטו אה לה</ManufacturerItemDescription>
      <UnitQty>מיליליטרים</UnitQty>
      <Quantity>330.00</Quantity>
      <bIsWeighted>0</bIsWeighted>
      <UnitOfMeasure>100 מ"ל</UnitOfMeasure>
      <QtyInPackage>1</QtyInPackage>
      <ItemPrice>10.90</ItemPrice>
      <UnitOfMeasurePrice>3.30</UnitOfMeasurePrice>
      <AllowDiscount>1</AllowDiscount>
      <ItemStatus>1</ItemStatus>
    </Item>
    <Item>
      <PriceUpdateDate>2024-09-04 11:33</PriceUpdateDate>
      <ItemCode>4740098098379</ItemCode>
      <ItemType>1</ItemType>
      <ItemName>קוקטייל מרגריטה אה לה קוק 330 מ"ל</ItemName>
      <ManufacturerName>לא ידוע</ManufacturerName>
      <ManufactureCountry>לא ידוע</ManufactureCountry>
      <ManufacturerItemDescription>קוקטייל מרגריטה אה ל</ManufacturerItemDescription>
      <UnitQty>מיליליטרים</UnitQty>
      <Quantity>330.00</Quantity>
      <bIsWeighted>0</bIsWeighted>
      <UnitOfMeasure>100 מ"ל</UnitOfMeasure>
      <QtyInPackage>1</QtyInPackage>
      <ItemPrice>10.90</ItemPrice>
      <UnitOfMeasurePrice>3.30</UnitOfMeasurePrice>
      <AllowDiscount>1</AllowDiscount>
      <ItemStatus>1</ItemStatus>
    </Item>
    <Item>
      <PriceUpdateDate>2024-05-19 11:10</PriceUpdateDate>
      <ItemCode>47485</ItemCode>
      <ItemType>1</ItemType>
      <ItemName>בולגרית פיראוס 24% במשקל</ItemName>
      <ManufacturerName>לא ידוע</ManufacturerName>
      <ManufactureCountry>לא ידוע</ManufactureCountry>
      <ManufacturerItemDescription>בולגרית פיראוס 24%  </ManufacturerItemDescription>
      <UnitQty>Unknown</UnitQty>
      <Quantity>0.00</Quantity>
      <bIsWeighted>1</bIsWeighted>
      <UnitOfMeasure>ק"ג</UnitOfMeasure>
      <QtyInPackage>0</QtyInPackage>
      <ItemPrice>79.00</ItemPrice>
      <UnitOfMeasurePrice>79.00</UnitOfMeasurePrice>
      <AllowDiscount>1</AllowDiscount>
      <ItemStatus>1</ItemStatus>
    </Item>
    <Item>
      <PriceUpdateDate>2025-08-27 16:52</PriceUpdateDate>
      <ItemCode>4750010492826</ItemCode>
      <ItemType>1</ItemType>
      <ItemName>שפרוטים מעושנים ריגה בצנצנת 250 גר</ItemName>
      <ManufacturerName>לא ידוע</ManufacturerName>
      <ManufactureCountry>לטביה</ManufactureCountry>
      <ManufacturerItemDescription>שפרוטים מעושנים ריגה</ManufacturerItemDescription>
      <UnitQty>גרמים</UnitQty>
      <Quantity>250.00</Quantity>
      <bIsWeighted>0</bIsWeighted>
      <UnitOfMeasure>100 גרם</UnitOfMeasure>
      <QtyInPackage>1</QtyInPackage>
      <ItemPrice>20.90</ItemPrice>
      <UnitOfMeasurePrice>8.36</UnitOfMeasurePrice>
      <AllowDiscount>1</AllowDiscount>
      <ItemStatus>1</ItemStatus>
    </Item>
    <Item>
      <PriceUpdateDate>2024-01-08 10:29</PriceUpdateDate>
      <ItemCode>4750021201295</ItemCode>
      <ItemType>1</ItemType>
      <ItemName>וודקה ריגה בלאק 500 מ"ל</ItemName>
      <ManufacturerName>לא ידוע</ManufacturerName>
      <ManufactureCountry>לא ידוע</ManufactureCountry>
      <ManufacturerItemDescription>וודקה ריגה בלאק 500 </ManufacturerItemDescription>
      <UnitQty>מיליליטרים</UnitQty>
      <Quantity>500.00</Quantity>
      <bIsWeighted>0</bIsWeighted>
      <UnitOfMeasure>100 מ"ל</UnitOfMeasure>
      <QtyInPackage>1</QtyInPackage>
      <ItemPrice>44.90</ItemPrice>
      <UnitOfMeasurePrice>8.98</UnitOfMeasurePrice>
      <AllowDiscount>1</AllowDiscount>
      <ItemStatus>1</ItemStatus>
    </Item>
    <Item>
      <PriceUpdateDate>2024-07-14 17:22</PriceUpdateDate>
      <ItemCode>4750021221361</ItemCode>
      <ItemType>1</ItemType>
      <ItemName>וודקה 700 מ"ל RIGA BLACK</ItemName>
      <ManufacturerName>לא ידוע</ManufacturerName>
      <ManufactureCountry>לא ידוע</ManufactureCountry>
      <ManufacturerItemDescription>וודקה 700 מ"ל RIGA B</ManufacturerItemDescription>
      <UnitQty>מיליליטרים</UnitQty>
      <Quantity>700.00</Quantity>
      <bIsWeighted>0</bIsWeighted>
      <UnitOfMeasure>100 מ"ל</UnitOfMeasure>
      <QtyInPackage>1</QtyInPackage>
      <ItemPrice>59.90</ItemPrice>
      <UnitOfMeasurePrice>8.56</UnitOfMeasurePrice>
      <AllowDiscount>1</AllowDiscount>
      <ItemStatus>1</ItemStatus>
    </Item>
    <Item>
      <PriceUpdateDate>2025-03-25 07:07</PriceUpdateDate>
      <ItemCode>4750025902730</ItemCode>
      <ItemType>1</ItemType>
      <ItemName>חטיף בטעם קיווי בציפוי בטעם קיווי 45 גרם</ItemName>
      <ManufacturerName>לא ידוע</ManufacturerName>
      <ManufactureCountry>לא ידוע</ManufactureCountry>
      <ManufacturerItemDescription>חטיף בטעם קיווי בציפ</ManufacturerItemDescription>
      <UnitQty>גרמים</UnitQty>
      <Quantity>45.00</Quantity>
      <bIsWeighted>0</bIsWeighted>
      <UnitOfMeasure>100 גרם</UnitOfMeasure>
      <QtyInPackage>1</QtyInPackage>
      <ItemPrice>6.00</ItemPrice>
      <UnitOfMeasurePrice>13.33</UnitOfMeasurePrice>
      <AllowDiscount>1</AllowDiscount>
      <ItemStatus>1</ItemStatus>
    </Item>
    <Item>
      <PriceUpdateDate>2025-03-25 07:05</PriceUpdateDate>
      <ItemCode>4750050341405</ItemCode>
      <ItemType>1</ItemType>
      <ItemName>חטיף שוקלד טעם וניל 45 גר</ItemName>
      <ManufacturerName>לא ידוע</ManufacturerName>
      <ManufactureCountry>לא ידוע</ManufactureCountry>
      <ManufacturerItemDescription>חטיף שוקלד טעם וניל </ManufacturerItemDescription>
      <UnitQty>גרמים</UnitQty>
      <Quantity>45.00</Quantity>
      <bIsWeighted>0</bIsWeighted>
      <UnitOfMeasure>100 גרם</UnitOfMeasure>
      <QtyInPackage>1</QtyInPackage>
      <ItemPrice>6.00</ItemPrice>
      <UnitOfMeasurePrice>13.33</UnitOfMeasurePrice>
      <AllowDiscount>1</AllowDiscount>
      <ItemStatus>1</ItemStatus>
    </Item>
    <Item>
      <PriceUpdateDate>2024-06-22 17:58</PriceUpdateDate>
      <ItemCode>4750142003426</ItemCode>
      <ItemType>1</ItemType>
      <ItemName>בירה פילזנר אקסטרה 500 מ"ל</ItemName>
      <ManufacturerName>לא ידוע</ManufacturerName>
      <ManufactureCountry>רוסיה</ManufactureCountry>
      <ManufacturerItemDescription>בירה פילזנר אקסטרה 5</ManufacturerItemDescription>
      <UnitQty>מיליליטרים</UnitQty>
      <Quantity>500.00</Quantity>
      <bIsWeighted>0</bIsWeighted>
      <UnitOfMeasure>100 מ"ל</UnitOfMeasure>
      <QtyInPackage>1</QtyInPackage>
      <ItemPrice>8.90</ItemPrice>
      <UnitOfMeasurePrice>1.78</UnitOfMeasurePrice>
      <AllowDiscount>1</AllowDiscount>
      <ItemStatus>1</ItemStatus>
    </Item>
    <Item>
      <PriceUpdateDate>2024-07-17 08:33</PriceUpdateDate>
      <ItemCode>4750142021505</ItemCode>
      <ItemType>1</ItemType>
      <ItemName>בירה PILSENER בהירה 4.7% פחית 500 מ"ל</ItemName>
      <ManufacturerName>לא ידוע</ManufacturerName>
      <ManufactureCountry>לא ידוע</ManufactureCountry>
      <ManufacturerItemDescription>בירה פילזנר בהירה 4.</ManufacturerItemDescription>
      <UnitQty>מיליליטרים</UnitQty>
      <Quantity>500.00</Quantity>
      <bIsWeighted>0</bIsWeighted>
      <UnitOfMeasure>100 מ"ל</UnitOfMeasure>
      <QtyInPackage>1</QtyInPackage>
      <ItemPrice>8.90</ItemPrice>
      <UnitOfMeasurePrice>1.78</UnitOfMeasurePrice>
      <AllowDiscount>1</AllowDiscount>
      <ItemStatus>1</ItemStatus>
    </Item>
    <Item>
      <PriceUpdateDate>2025-09-30 09:16</PriceUpdateDate>
      <ItemCode>4750616000593</ItemCode>
      <ItemType>1</ItemType>
      <ItemName>שפרוטים מעושנים ריגה 190 גר</ItemName>
      <ManufacturerName>לא ידוע</ManufacturerName>
      <ManufactureCountry>לטביה</ManufactureCountry>
      <ManufacturerItemDescription>שפרוטים בשמן ריגה 19</ManufacturerItemDescription>
      <UnitQty>גרמים</UnitQty>
      <Quantity>190.00</Quantity>
      <bIsWeighted>0</bIsWeighted>
      <UnitOfMeasure>100 גרם</UnitOfMeasure>
      <QtyInPackage>1</QtyInPackage>
      <ItemPrice>19.90</ItemPrice>
      <UnitOfMeasurePrice>10.47</UnitOfMeasurePrice>
      <AllowDiscount>1</AllowDiscount>
      <ItemStatus>1</ItemStatus>
    </Item>
    <Item>
      <PriceUpdateDate>2025-10-23 16:39</PriceUpdateDate>
      <ItemCode>4751007732864</ItemCode>
      <ItemType>1</ItemType>
      <ItemName>שימורי פילה סלמון ברוטב חרדל 200 גר</ItemName>
      <ManufacturerName>לא ידוע</ManufacturerName>
      <ManufactureCountry>לא ידוע</ManufactureCountry>
      <ManufacturerItemDescription>שימורי פילה סלמון בר</ManufacturerItemDescription>
      <UnitQty>גרמים</UnitQty>
      <Quantity>200.00</Quantity>
      <bIsWeighted>0</bIsWeighted>
      <UnitOfMeasure>100 גרם</UnitOfMeasure>
      <QtyInPackage>1</QtyInPackage>
      <ItemPrice>13.90</ItemPrice>
      <UnitOfMeasurePrice>6.95</UnitOfMeasurePrice>
      <AllowDiscount>1</AllowDiscount>
      <ItemStatus>1</ItemStatus>
    </Item>
    <Item>
      <PriceUpdateDate>2024-11-06 08:16</PriceUpdateDate>
      <ItemCode>4751007732994</ItemCode>
      <ItemType>1</ItemType>
      <ItemName>סלט מקסיקני עם סלומון 170 גרם</ItemName>
      <ManufacturerName>לא ידוע</ManufacturerName>
      <ManufactureCountry>לא ידוע</ManufactureCountry>
      <ManufacturerItemDescription>סלט מקסיקני עם סלומו</ManufacturerItemDescription>
      <UnitQty>גרמים</UnitQty>
      <Quantity>170.00</Quantity>
      <bIsWeighted>0</bIsWeighted>
      <UnitOfMeasure>100 גרם</UnitOfMeasure>
      <QtyInPackage>1</QtyInPackage>
      <ItemPrice>14.90</ItemPrice>
      <UnitOfMeasurePrice>8.76</UnitOfMeasurePrice>
      <AllowDiscount>1</AllowDiscount>
      <ItemStatus>1</ItemStatus>
    </Item>
    <Item>
      <PriceUpdateDate>2024-06-22 21:26</PriceUpdateDate>
      <ItemCode>4760013404061</ItemCode>
      <ItemType>1</ItemType>
      <ItemName>עוגיות בטעם שמנת וניל 370 גר MOSKVA</ItemName>
      <ManufacturerName>לא ידוע</ManufacturerName>
      <ManufactureCountry />
      <ManufacturerItemDescription>עוגיות בטעם שמנת וני</ManufacturerItemDescription>
      <UnitQty>גרמים</UnitQty>
      <Quantity>420.00</Quantity>
      <bIsWeighted>0</bIsWeighted>
      <UnitOfMeasure>100 גרם</UnitOfMeasure>
      <QtyInPackage>1</QtyInPackage>
      <ItemPrice>7.60</ItemPrice>
      <UnitOfMeasurePrice>1.81</UnitOfMeasurePrice>
      <AllowDiscount>1</AllowDiscount>
      <ItemStatus>1</ItemStatus>
    </Item>
    <Item>
      <PriceUpdateDate>2022-11-07 20:53</PriceUpdateDate>
      <ItemCode>4760127702213</ItemCode>
      <ItemType>1</ItemType>
      <ItemName>עוגת רולדה במילוי קרם  ברולה 150 גר</ItemName>
      <ManufacturerName>לא ידוע</ManufacturerName>
      <ManufactureCountry />
      <ManufacturerItemDescription>עוגת רולדה במילוי קר</ManufacturerItemDescription>
      <UnitQty>גרמים</UnitQty>
      <Quantity>150.00</Quantity>
      <bIsWeighted>0</bIsWeighted>
      <UnitOfMeasure>100 גרם</UnitOfMeasure>
      <QtyInPackage>1</QtyInPackage>
      <ItemPrice>5.90</ItemPrice>
      <UnitOfMeasurePrice>3.93</UnitOfMeasurePrice>
      <AllowDiscount>1</AllowDiscount>
      <ItemStatus>1</ItemStatus>
    </Item>
    <Item>
      <PriceUpdateDate>2025-02-27 09:57</PriceUpdateDate>
      <ItemCode>4770237051804</ItemCode>
      <ItemType>1</ItemType>
      <ItemName>חטיף גבינה וניל 45 גר</ItemName>
      <ManufacturerName>לא ידוע</ManufacturerName>
      <ManufactureCountry>לא ידוע</ManufactureCountry>
      <ManufacturerItemDescription>חטיף גבינה וניל 45 ג</ManufacturerItemDescription>
      <UnitQty>גרמים</UnitQty>
      <Quantity>4500.00</Quantity>
      <bIsWeighted>0</bIsWeighted>
      <UnitOfMeasure>100 גרם</UnitOfMeasure>
      <QtyInPackage>1</QtyInPackage>
      <ItemPrice>7.20</ItemPrice>
      <UnitOfMeasurePrice>0.16</UnitOfMeasurePrice>
      <AllowDiscount>1</AllowDiscount>
      <ItemStatus>1</ItemStatus>
    </Item>
    <Item>
      <PriceUpdateDate>2025-02-27 09:56</PriceUpdateDate>
      <ItemCode>4770237051811</ItemCode>
      <ItemType>1</ItemType>
      <ItemName>חטיף גבינה עם ריבת חלב 45 גר</ItemName>
      <ManufacturerName>לא ידוע</ManufacturerName>
      <ManufactureCountry>לא ידוע</ManufactureCountry>
      <ManufacturerItemDescription>חטיף גבינה עם ריבת ח</ManufacturerItemDescription>
      <UnitQty>גרמים</UnitQty>
      <Quantity>4500.00</Quantity>
      <bIsWeighted>0</bIsWeighted>
      <UnitOfMeasure>100 גרם</UnitOfMeasure>
      <QtyInPackage>1</QtyInPackage>
      <ItemPrice>7.20</ItemPrice>
      <UnitOfMeasurePrice>0.16</UnitOfMeasurePrice>
      <AllowDiscount>1</AllowDiscount>
      <ItemStatus>1</ItemStatus>
    </Item>
    <Item>
      <PriceUpdateDate>2025-02-27 09:57</PriceUpdateDate>
      <ItemCode>4770237051828</ItemCode>
      <ItemType>1</ItemType>
      <ItemName>חטיף גבינה תות שדה 45 גר</ItemName>
      <ManufacturerName>לא ידוע</ManufacturerName>
      <ManufactureCountry>לא ידוע</ManufactureCountry>
      <ManufacturerItemDescription>חטיף גבינה תות שדה 4</ManufacturerItemDescription>
      <UnitQty>גרמים</UnitQty>
      <Quantity>4500.00</Quantity>
      <bIsWeighted>0</bIsWeighted>
      <UnitOfMeasure>100 גרם</UnitOfMeasure>
      <QtyInPackage>1</QtyInPackage>
      <ItemPrice>7.20</ItemPrice>
      <UnitOfMeasurePrice>0.16</UnitOfMeasurePrice>
      <AllowDiscount>1</AllowDiscount>
      <ItemStatus>1</ItemStatus>
    </Item>
    <Item>
      <PriceUpdateDate>2025-02-27 09:57</PriceUpdateDate>
      <ItemCode>4770237051842</ItemCode>
      <ItemType>1</ItemType>
      <ItemName>חטיף גבינה בטעם שוקולד 45 גר</ItemName>
      <ManufacturerName>לא ידוע</ManufacturerName>
      <ManufactureCountry>לא ידוע</ManufactureCountry>
      <ManufacturerItemDescription>חטיף גבינה בטעם שוקו</ManufacturerItemDescription>
      <UnitQty>גרמים</UnitQty>
      <Quantity>4500.00</Quantity>
      <bIsWeighted>0</bIsWeighted>
      <UnitOfMeasure>100 גרם</UnitOfMeasure>
      <QtyInPackage>1</QtyInPackage>
      <ItemPrice>7.20</ItemPrice>
      <UnitOfMeasurePrice>0.16</UnitOfMeasurePrice>
      <AllowDiscount>1</AllowDiscount>
      <ItemStatus>1</ItemStatus>
    </Item>
    <Item>
      <PriceUpdateDate>2025-02-20 18:06</PriceUpdateDate>
      <ItemCode>4770237057585</ItemCode>
      <ItemType>1</ItemType>
      <ItemName>מעדן גבינה לבנה בטעם וניל 100 גרם</ItemName>
      <ManufacturerName>לא ידוע</ManufacturerName>
      <ManufactureCountry>ליטא</ManufactureCountry>
      <ManufacturerItemDescription>מעדן גבינה לבנה בטעם</ManufacturerItemDescription>
      <UnitQty>גרמים</UnitQty>
      <Quantity>100.00</Quantity>
      <bIsWeighted>0</bIsWeighted>
      <UnitOfMeasure>100 גרם</UnitOfMeasure>
      <QtyInPackage>1</QtyInPackage>
      <ItemPrice>7.90</ItemPrice>
      <UnitOfMeasurePrice>7.90</UnitOfMeasurePrice>
      <AllowDiscount>1</AllowDiscount>
      <ItemStatus>1</ItemStatus>
    </Item>
    <Item>
      <PriceUpdateDate>2024-11-21 16:52</PriceUpdateDate>
      <ItemCode>4770237059404</ItemCode>
      <ItemType>1</ItemType>
      <ItemName>שמנת חמוצה 30% SMETANA שומן 200 גרם</ItemName>
      <ManufacturerName>לא ידוע</ManufacturerName>
      <ManufactureCountry>ליטא</ManufactureCountry>
      <ManufacturerItemDescription>שמנת חמוצה 30% SMETA</ManufacturerItemDescription>
      <UnitQty>גרמים</UnitQty>
      <Quantity>200.00</Quantity>
      <bIsWeighted>0</bIsWeighted>
      <UnitOfMeasure>100 גרם</UnitOfMeasure>
      <QtyInPackage>1</QtyInPackage>
      <ItemPrice>14.90</ItemPrice>
      <UnitOfMeasurePrice>7.45</UnitOfMeasurePrice>
      <AllowDiscount>1</AllowDiscount>
      <ItemStatus>1</ItemStatus>
    </Item>
    <Item>
      <PriceUpdateDate>2025-03-03 06:56</PriceUpdateDate>
      <ItemCode>4770237059411</ItemCode>
      <ItemType>1</ItemType>
      <ItemName>שמנת 15% SMETANA שומן 350 גרם</ItemName>
      <ManufacturerName>לא ידוע</ManufacturerName>
      <ManufactureCountry>ליטא</ManufactureCountry>
      <ManufacturerItemDescription>שמנת סביליה 15% שומן</ManufacturerItemDescription>
      <UnitQty>גרמים</UnitQty>
      <Quantity>350.00</Quantity>
      <bIsWeighted>0</bIsWeighted>
      <UnitOfMeasure>100 גרם</UnitOfMeasure>
      <QtyInPackage>1</QtyInPackage>
      <ItemPrice>15.50</ItemPrice>
      <UnitOfMeasurePrice>4.43</UnitOfMeasurePrice>
      <AllowDiscount>1</AllowDiscount>
      <ItemStatus>1</ItemStatus>
    </Item>
    <Item>
      <PriceUpdateDate>2025-02-27 10:01</PriceUpdateDate>
      <ItemCode>4770265219535</ItemCode>
      <ItemType>1</ItemType>
      <ItemName>גבינה אנגולי מעושנת 150 גר גורמן</ItemName>
      <ManufacturerName>לא ידוע</ManufacturerName>
      <ManufactureCountry />
      <ManufacturerItemDescription>גבינה אנגולי מעושנת </ManufacturerItemDescription>
      <UnitQty>גרמים</UnitQty>
      <Quantity>150.00</Quantity>
      <bIsWeighted>0</bIsWeighted>
      <UnitOfMeasure>100 גרם</UnitOfMeasure>
      <QtyInPackage>1</QtyInPackage>
      <ItemPrice>16.90</ItemPrice>
      <UnitOfMeasurePrice>11.27</UnitOfMeasurePrice>
      <AllowDiscount>1</AllowDiscount>
      <ItemStatus>1</ItemStatus>
    </Item>
    <Item>
      <PriceUpdateDate>2025-03-03 06:57</PriceUpdateDate>
      <ItemCode>4770265219962</ItemCode>
      <ItemType>1</ItemType>
      <ItemName>משקה חלבי ריזנקה 500 מ"ל</ItemName>
      <ManufacturerName>לא ידוע</ManufacturerName>
      <ManufactureCountry>לא ידוע</ManufactureCountry>
      <ManufacturerItemDescription>משקה חלבי ריזנקה 500</ManufacturerItemDescription>
      <UnitQty>מיליליטרים</UnitQty>
      <Quantity>500.00</Quantity>
      <bIsWeighted>0</bIsWeighted>
      <UnitOfMeasure>100 מ"ל</UnitOfMeasure>
      <QtyInPackage>1</QtyInPackage>
      <ItemPrice>14.60</ItemPrice>
      <UnitOfMeasurePrice>2.92</UnitOfMeasurePrice>
      <AllowDiscount>1</AllowDiscount>
      <ItemStatus>1</ItemStatus>
    </Item>
    <Item>
      <PriceUpdateDate>2025-03-03 06:57</PriceUpdateDate>
      <ItemCode>4770265220319</ItemCode>
      <ItemType>1</ItemType>
      <ItemName>גבינה מותכת  28% שומן 160 גרם SVALYA</ItemName>
      <ManufacturerName>לא ידוע</ManufacturerName>
      <ManufactureCountry>ליטא</ManufactureCountry>
      <ManufacturerItemDescription>גבינה מותכת  28% שומ</ManufacturerItemDescription>
      <UnitQty>גרמים</UnitQty>
      <Quantity>160.00</Quantity>
      <bIsWeighted>0</bIsWeighted>
      <UnitOfMeasure>100 גרם</UnitOfMeasure>
      <QtyInPackage>1</QtyInPackage>
      <ItemPrice>22.90</ItemPrice>
      <UnitOfMeasurePrice>14.31</UnitOfMeasurePrice>
      <AllowDiscount>1</AllowDiscount>
      <ItemStatus>1</ItemStatus>
    </Item>
    <Item>
      <PriceUpdateDate>2025-02-27 10:01</PriceUpdateDate>
      <ItemCode>4770275051101</ItemCode>
      <ItemType>1</ItemType>
      <ItemName>טבורוג 5% 350 גרם SVALYA</ItemName>
      <ManufacturerName>לא ידוע</ManufacturerName>
      <ManufactureCountry>ליטא</ManufactureCountry>
      <ManufacturerItemDescription>טבורוג 5% 350 גרם SV</ManufacturerItemDescription>
      <UnitQty>גרמים</UnitQty>
      <Quantity>350.00</Quantity>
      <bIsWeighted>0</bIsWeighted>
      <UnitOfMeasure>100 גרם</UnitOfMeasure>
      <QtyInPackage>1</QtyInPackage>
      <ItemPrice>25.90</ItemPrice>
      <UnitOfMeasurePrice>7.40</UnitOfMeasurePrice>
      <AllowDiscount>1</AllowDiscount>
      <ItemStatus>1</ItemStatus>
    </Item>
    <Item>
      <PriceUpdateDate>2025-03-03 06:56</PriceUpdateDate>
      <ItemCode>4770275051132</ItemCode>
      <ItemType>1</ItemType>
      <ItemName>משקה חלבי קפיר 900 מ"ל</ItemName>
      <ManufacturerName>לא ידוע</ManufacturerName>
      <ManufactureCountry>לא ידוע</ManufactureCountry>
      <ManufacturerItemDescription>משקה חלבי קפיר 900 מ</ManufacturerItemDescription>
      <UnitQty>מיליליטרים</UnitQty>
      <Quantity>900.00</Quantity>
      <bIsWeighted>0</bIsWeighted>
      <UnitOfMeasure>100 מ"ל</UnitOfMeasure>
      <QtyInPackage>1</QtyInPackage>
      <ItemPrice>20.90</ItemPrice>
      <UnitOfMeasurePrice>2.32</UnitOfMeasurePrice>
      <AllowDiscount>1</AllowDiscount>
      <ItemStatus>1</ItemStatus>
    </Item>
    <Item>
      <PriceUpdateDate>2024-12-09 20:20</PriceUpdateDate>
      <ItemCode>4770301232023</ItemCode>
      <ItemType>1</ItemType>
      <ItemName>אוסטרליה פייל אייל וולפאס אנגלמן 568 מ"ל</ItemName>
      <ManufacturerName>לא ידוע</ManufacturerName>
      <ManufactureCountry />
      <ManufacturerItemDescription>אוסטרליה פייל אייל ו</ManufacturerItemDescription>
      <UnitQty>מיליליטרים</UnitQty>
      <Quantity>568.00</Quantity>
      <bIsWeighted>0</bIsWeighted>
      <UnitOfMeasure>100 מ"ל</UnitOfMeasure>
      <QtyInPackage>1</QtyInPackage>
      <ItemPrice>11.90</ItemPrice>
      <UnitOfMeasurePrice>2.10</UnitOfMeasurePrice>
      <AllowDiscount>1</AllowDiscount>
      <ItemStatus>1</ItemStatus>
    </Item>
    <Item>
      <PriceUpdateDate>2025-02-24 11:06</PriceUpdateDate>
      <ItemCode>4770337047431</ItemCode>
      <ItemType>1</ItemType>
      <ItemName>תחליף גבינה 150 גר SVALIA</ItemName>
      <ManufacturerName>לא ידוע</ManufacturerName>
      <ManufactureCountry>לא ידוע</ManufactureCountry>
      <ManufacturerItemDescription>גבינה אנלוגי  150 גר</ManufacturerItemDescription>
      <UnitQty>גרמים</UnitQty>
      <Quantity>150.00</Quantity>
      <bIsWeighted>0</bIsWeighted>
      <UnitOfMeasure>100 גרם</UnitOfMeasure>
      <QtyInPackage>1</QtyInPackage>
      <ItemPrice>17.90</ItemPrice>
      <UnitOfMeasurePrice>11.93</UnitOfMeasurePrice>
      <AllowDiscount>1</AllowDiscount>
      <ItemStatus>1</ItemStatus>
    </Item>
    <Item>
      <PriceUpdateDate>2025-10-22 23:01</PriceUpdateDate>
      <ItemCode>4770583221340</ItemCode>
      <ItemType>1</ItemType>
      <ItemName>מיונז 620 גר American</ItemName>
      <ManufacturerName>לא ידוע</ManufacturerName>
      <ManufactureCountry>ליטא</ManufactureCountry>
      <ManufacturerItemDescription>מיונז 620 גר America</ManufacturerItemDescription>
      <UnitQty>גרמים</UnitQty>
      <Quantity>620.00</Quantity>
      <bIsWeighted>0</bIsWeighted>
      <UnitOfMeasure>100 גרם</UnitOfMeasure>
      <QtyInPackage>1</QtyInPackage>
      <ItemPrice>22.90</ItemPrice>
      <UnitOfMeasurePrice>3.69</UnitOfMeasurePrice>
      <AllowDiscount>1</AllowDiscount>
      <ItemStatus>1</ItemStatus>
    </Item>
    <Item>
      <PriceUpdateDate>2025-03-11 08:25</PriceUpdateDate>
      <ItemCode>4779039731167</ItemCode>
      <ItemType>1</ItemType>
      <ItemName>אאוגה מרק דלורית ובטטה אורגני 400 גר</ItemName>
      <ManufacturerName>לא ידוע</ManufacturerName>
      <ManufactureCountry>לא ידוע</ManufactureCountry>
      <ManufacturerItemDescription>אאוגה מרק דלורית ובט</ManufacturerItemDescription>
      <UnitQty>גרמים</UnitQty>
      <Quantity>400.00</Quantity>
      <bIsWeighted>0</bIsWeighted>
      <UnitOfMeasure>100 גרם</UnitOfMeasure>
      <QtyInPackage>1</QtyInPackage>
      <ItemPrice>25.90</ItemPrice>
      <UnitOfMeasurePrice>6.48</UnitOfMeasurePrice>
      <AllowDiscount>1</AllowDiscount>
      <ItemStatus>1</ItemStatus>
    </Item>
    <Item>
      <PriceUpdateDate>2025-04-28 23:00</PriceUpdateDate>
      <ItemCode>4779039731907</ItemCode>
      <ItemType>1</ItemType>
      <ItemName>מרק תירס אורגני אאוגה 400 גרם</ItemName>
      <ManufacturerName>לא ידוע</ManufacturerName>
      <ManufactureCountry>ליטא</ManufactureCountry>
      <ManufacturerItemDescription>מרק תירס אורגני אאוג</ManufacturerItemDescription>
      <UnitQty>גרמים</UnitQty>
      <Quantity>400.00</Quantity>
      <bIsWeighted>0</bIsWeighted>
      <UnitOfMeasure>100 גרם</UnitOfMeasure>
      <QtyInPackage>1</QtyInPackage>
      <ItemPrice>25.90</ItemPrice>
      <UnitOfMeasurePrice>6.48</UnitOfMeasurePrice>
      <AllowDiscount>1</AllowDiscount>
      <ItemStatus>1</ItemStatus>
    </Item>
    <Item>
      <PriceUpdateDate>2025-03-11 08:24</PriceUpdateDate>
      <ItemCode>4779039732188</ItemCode>
      <ItemType>1</ItemType>
      <ItemName>מרק ירקות מינסטרונה אורגני 400 גר</ItemName>
      <ManufacturerName>לא ידוע</ManufacturerName>
      <ManufactureCountry />
      <ManufacturerItemDescription>מרק ירקות מינסטרונה </ManufacturerItemDescription>
      <UnitQty>גרמים</UnitQty>
      <Quantity>400.00</Quantity>
      <bIsWeighted>0</bIsWeighted>
      <UnitOfMeasure>100 גרם</UnitOfMeasure>
      <QtyInPackage>1</QtyInPackage>
      <ItemPrice>25.90</ItemPrice>
      <UnitOfMeasurePrice>6.48</UnitOfMeasurePrice>
      <AllowDiscount>1</AllowDiscount>
      <ItemStatus>1</ItemStatus>
    </Item>
    <Item>
      <PriceUpdateDate>2024-12-14 23:00</PriceUpdateDate>
      <ItemCode>4806524222401</ItemCode>
      <ItemType>1</ItemType>
      <ItemName>סנאפי חטיפי אפונה ירוקה פריכים טבעי 108ג</ItemName>
      <ManufacturerName>יאניאן אינטרנשיונל</ManufacturerName>
      <ManufactureCountry>פיליפינים</ManufactureCountry>
      <ManufacturerItemDescription>סנאפי חטיפי אפונה יר</ManufacturerItemDescription>
      <UnitQty>גרמים</UnitQty>
      <Quantity>108.00</Quantity>
      <bIsWeighted>0</bIsWeighted>
      <UnitOfMeasure>100 גרם</UnitOfMeasure>
      <QtyInPackage>1</QtyInPackage>
      <ItemPrice>14.90</ItemPrice>
      <UnitOfMeasurePrice>13.80</UnitOfMeasurePrice>
      <AllowDiscount>1</AllowDiscount>
      <ItemStatus>1</ItemStatus>
    </Item>
    <Item>
      <PriceUpdateDate>2025-10-22 23:01</PriceUpdateDate>
      <ItemCode>4810065006987</ItemCode>
      <ItemType>1</ItemType>
      <ItemName>חלב מרוכז ממותק דוי פק רוגציוב 380 גרם</ItemName>
      <ManufacturerName>לא ידוע</ManufacturerName>
      <ManufactureCountry>בילרוס</ManufactureCountry>
      <ManufacturerItemDescription>חלב מרוכז ממותק דוי </ManufacturerItemDescription>
      <UnitQty>גרמים</UnitQty>
      <Quantity>380.00</Quantity>
      <bIsWeighted>0</bIsWeighted>
      <UnitOfMeasure>100 גרם</UnitOfMeasure>
      <QtyInPackage>1</QtyInPackage>
      <ItemPrice>15.90</ItemPrice>
      <UnitOfMeasurePrice>4.18</UnitOfMeasurePrice>
      <AllowDiscount>1</AllowDiscount>
      <ItemStatus>1</ItemStatus>
    </Item>
    <Item>
      <PriceUpdateDate>2025-10-23 16:37</PriceUpdateDate>
      <ItemCode>4810065013121</ItemCode>
      <ItemType>1</ItemType>
      <ItemName>חלב מרוכז ממותק דוי פק רוגציוב 270 גרם</ItemName>
      <ManufacturerName>לא ידוע</ManufacturerName>
      <ManufactureCountry>בילרוס</ManufactureCountry>
      <ManufacturerItemDescription>חלב מרוכז ממותק דוי </ManufacturerItemDescription>
      <UnitQty>גרמים</UnitQty>
      <Quantity>270.00</Quantity>
      <bIsWeighted>0</bIsWeighted>
      <UnitOfMeasure>100 גרם</UnitOfMeasure>
      <QtyInPackage>1</QtyInPackage>
      <ItemPrice>12.90</ItemPrice>
      <UnitOfMeasurePrice>4.78</UnitOfMeasurePrice>
      <AllowDiscount>1</AllowDiscount>
      <ItemStatus>1</ItemStatus>
    </Item>
    <Item>
      <PriceUpdateDate>2025-08-31 14:44</PriceUpdateDate>
      <ItemCode>4810168000998</ItemCode>
      <ItemType>1</ItemType>
      <ItemName>חתיכות פילה הרינג מלוח מצונן בצל 260 גר</ItemName>
      <ManufacturerName>לא ידוע</ManufacturerName>
      <ManufactureCountry>לא ידוע</ManufactureCountry>
      <ManufacturerItemDescription>חתיכות פילה הרינג   </ManufacturerItemDescription>
      <UnitQty>גרמים</UnitQty>
      <Quantity>260.00</Quantity>
      <bIsWeighted>0</bIsWeighted>
      <UnitOfMeasure>100 גרם</UnitOfMeasure>
      <QtyInPackage>1</QtyInPackage>
      <ItemPrice>26.90</ItemPrice>
      <UnitOfMeasurePrice>10.35</UnitOfMeasurePrice>
      <AllowDiscount>1</AllowDiscount>
      <ItemStatus>1</ItemStatus>
    </Item>
    <Item>
      <PriceUpdateDate>2025-02-27 09:58</PriceUpdateDate>
      <ItemCode>4810168001056</ItemCode>
      <ItemType>1</ItemType>
      <ItemName>חתיכות פילה הרינג מלוח מצונן 260 גר</ItemName>
      <ManufacturerName>לא ידוע</ManufacturerName>
      <ManufactureCountry>לא ידוע</ManufactureCountry>
      <ManufacturerItemDescription>חתיכות פילה הרינג   </ManufacturerItemDescription>
      <UnitQty>גרמים</UnitQty>
      <Quantity>260.00</Quantity>
      <bIsWeighted>0</bIsWeighted>
      <UnitOfMeasure>100 גרם</UnitOfMeasure>
      <QtyInPackage>1</QtyInPackage>
      <ItemPrice>26.90</ItemPrice>
      <UnitOfMeasurePrice>10.35</UnitOfMeasurePrice>
      <AllowDiscount>1</AllowDiscount>
      <ItemStatus>1</ItemStatus>
    </Item>
    <Item>
      <PriceUpdateDate>2025-03-03 06:56</PriceUpdateDate>
      <ItemCode>4810168016104</ItemCode>
      <ItemType>1</ItemType>
      <ItemName>ביצי דג טרוטונית אטלנטי חסילונים 180 גר</ItemName>
      <ManufacturerName>לא ידוע</ManufacturerName>
      <ManufactureCountry>לא ידוע</ManufactureCountry>
      <ManufacturerItemDescription>ביצי דג טרוטונית אטל</ManufacturerItemDescription>
      <UnitQty>גרמים</UnitQty>
      <Quantity>180.00</Quantity>
      <bIsWeighted>0</bIsWeighted>
      <UnitOfMeasure>100 גרם</UnitOfMeasure>
      <QtyInPackage>1</QtyInPackage>
      <ItemPrice>23.90</ItemPrice>
      <UnitOfMeasurePrice>13.28</UnitOfMeasurePrice>
      <AllowDiscount>1</AllowDiscount>
      <ItemStatus>1</ItemStatus>
    </Item>
    <Item>
      <PriceUpdateDate>2024-11-21 16:52</PriceUpdateDate>
      <ItemCode>4810168018795</ItemCode>
      <ItemType>1</ItemType>
      <ItemName>חתיכות פילה הרינג מלוח 200 גר</ItemName>
      <ManufacturerName>לא ידוע</ManufacturerName>
      <ManufactureCountry>לא ידוע</ManufactureCountry>
      <ManufacturerItemDescription>חתיכות פילה הרינג מל</ManufacturerItemDescription>
      <UnitQty>גרמים</UnitQty>
      <Quantity>200.00</Quantity>
      <bIsWeighted>0</bIsWeighted>
      <UnitOfMeasure>100 גרם</UnitOfMeasure>
      <QtyInPackage>1</QtyInPackage>
      <ItemPrice>22.90</ItemPrice>
      <UnitOfMeasurePrice>11.45</UnitOfMeasurePrice>
      <AllowDiscount>1</AllowDiscount>
      <ItemStatus>1</ItemStatus>
    </Item>
    <Item>
      <PriceUpdateDate>2025-03-03 06:57</PriceUpdateDate>
      <ItemCode>4810168025793</ItemCode>
      <ItemType>1</ItemType>
      <ItemName>ביצי דג זהבנון מומלח מצונן 130 גר</ItemName>
      <ManufacturerName>לא ידוע</ManufacturerName>
      <ManufactureCountry>לא ידוע</ManufactureCountry>
      <ManufacturerItemDescription>ביצי דג זהבנון מומלח</ManufacturerItemDescription>
      <UnitQty>גרמים</UnitQty>
      <Quantity>130.00</Quantity>
      <bIsWeighted>0</bIsWeighted>
      <UnitOfMeasure>100 גרם</UnitOfMeasure>
      <QtyInPackage>1</QtyInPackage>
      <ItemPrice>24.90</ItemPrice>
      <UnitOfMeasurePrice>19.15</UnitOfMeasurePrice>
      <AllowDiscount>1</AllowDiscount>
      <ItemStatus>1</ItemStatus>
    </Item>
    <Item>
      <PriceUpdateDate>2025-02-27 11:18</PriceUpdateDate>
      <ItemCode>4810168058975</ItemCode>
      <ItemType>1</ItemType>
      <ItemName>חתיכות פילה דג הרינג סקנדינבי מלוח מצונן</ItemName>
      <ManufacturerName>לא ידוע</ManufacturerName>
      <ManufactureCountry>לא ידוע</ManufactureCountry>
      <ManufacturerItemDescription>חתיכות פילה דג הרינג</ManufacturerItemDescription>
      <UnitQty>גרמים</UnitQty>
      <Quantity>260.00</Quantity>
      <bIsWeighted>0</bIsWeighted>
      <UnitOfMeasure>100 גרם</UnitOfMeasure>
      <QtyInPackage>1</QtyInPackage>
      <ItemPrice>25.90</ItemPrice>
      <UnitOfMeasurePrice>9.96</UnitOfMeasurePrice>
      <AllowDiscount>1</AllowDiscount>
      <ItemStatus>1</ItemStatus>
    </Item>
    <Item>
      <PriceUpdateDate>2024-11-21 16:53</PriceUpdateDate>
      <ItemCode>4810168058999</ItemCode>
      <ItemType>1</ItemType>
      <ItemName>פילה הרינג סקנדינבי מלוח 250 גרם</ItemName>
      <ManufacturerName>לא ידוע</ManufacturerName>
      <ManufactureCountry>לא ידוע</ManufactureCountry>
      <ManufacturerItemDescription>פילה הרינג סקנדינבי </ManufacturerItemDescription>
      <UnitQty>גרמים</UnitQty>
      <Quantity>250.00</Quantity>
      <bIsWeighted>0</bIsWeighted>
      <UnitOfMeasure>100 גרם</UnitOfMeasure>
      <QtyInPackage>1</QtyInPackage>
      <ItemPrice>22.90</ItemPrice>
      <UnitOfMeasurePrice>9.16</UnitOfMeasurePrice>
      <AllowDiscount>1</AllowDiscount>
      <ItemStatus>1</ItemStatus>
    </Item>
    <Item>
      <PriceUpdateDate>2025-02-24 10:52</PriceUpdateDate>
      <ItemCode>4810168060107</ItemCode>
      <ItemType>1</ItemType>
      <ItemName>פילה הרינג בשמן 230 גרם</ItemName>
      <ManufacturerName>לא ידוע</ManufacturerName>
      <ManufactureCountry>רוסיה</ManufactureCountry>
      <ManufacturerItemDescription>פילה הרינג בשמן 230 </ManufacturerItemDescription>
      <UnitQty>גרמים</UnitQty>
      <Quantity>230.00</Quantity>
      <bIsWeighted>0</bIsWeighted>
      <UnitOfMeasure>100 גרם</UnitOfMeasure>
      <QtyInPackage>1</QtyInPackage>
      <ItemPrice>18.50</ItemPrice>
      <UnitOfMeasurePrice>8.04</UnitOfMeasurePrice>
      <AllowDiscount>1</AllowDiscount>
      <ItemStatus>1</ItemStatus>
    </Item>
    <Item>
      <PriceUpdateDate>2024-11-21 16:53</PriceUpdateDate>
      <ItemCode>4810168060190</ItemCode>
      <ItemType>1</ItemType>
      <ItemName>חתיכות פילה הרינג בשמן 150 גרם</ItemName>
      <ManufacturerName>לא ידוע</ManufacturerName>
      <ManufactureCountry>רוסיה</ManufactureCountry>
      <ManufacturerItemDescription>חתיכות פילה הרינג בש</ManufacturerItemDescription>
      <UnitQty>גרמים</UnitQty>
      <Quantity>150.00</Quantity>
      <bIsWeighted>0</bIsWeighted>
      <UnitOfMeasure>100 גרם</UnitOfMeasure>
      <QtyInPackage>1</QtyInPackage>
      <ItemPrice>11.90</ItemPrice>
      <UnitOfMeasurePrice>7.93</UnitOfMeasurePrice>
      <AllowDiscount>1</AllowDiscount>
      <ItemStatus>1</ItemStatus>
    </Item>
    <Item>
      <PriceUpdateDate>2024-11-21 16:53</PriceUpdateDate>
      <ItemCode>4810168061487</ItemCode>
      <ItemType>1</ItemType>
      <ItemName>פילה הרינג בשמן 400 גרם</ItemName>
      <ManufacturerName>לא ידוע</ManufacturerName>
      <ManufactureCountry>רוסיה</ManufactureCountry>
      <ManufacturerItemDescription>פילה הרינג בשמן 400 </ManufacturerItemDescription>
      <UnitQty>גרמים</UnitQty>
      <Quantity>400.00</Quantity>
      <bIsWeighted>0</bIsWeighted>
      <UnitOfMeasure>100 גרם</UnitOfMeasure>
      <QtyInPackage>1</QtyInPackage>
      <ItemPrice>24.90</ItemPrice>
      <UnitOfMeasurePrice>6.23</UnitOfMeasurePrice>
      <AllowDiscount>1</AllowDiscount>
      <ItemStatus>1</ItemStatus>
    </Item>
    <Item>
      <PriceUpdateDate>2024-11-18 14:40</PriceUpdateDate>
      <ItemCode>4810168062149</ItemCode>
      <ItemType>1</ItemType>
      <ItemName>כיסונים במילוי דובדבנים מוקפאים 450 גרם</ItemName>
      <ManufacturerName>לא ידוע</ManufacturerName>
      <ManufactureCountry>בלרוס</ManufactureCountry>
      <ManufacturerItemDescription>כיסונים במילוי דובדב</ManufacturerItemDescription>
      <UnitQty>גרמים</UnitQty>
      <Quantity>450.00</Quantity>
      <bIsWeighted>0</bIsWeighted>
      <UnitOfMeasure>100 גרם</UnitOfMeasure>
      <QtyInPackage>1</QtyInPackage>
      <ItemPrice>26.90</ItemPrice>
      <UnitOfMeasurePrice>5.98</UnitOfMeasurePrice>
      <AllowDiscount>1</AllowDiscount>
      <ItemStatus>1</ItemStatus>
    </Item>
    <Item>
      <PriceUpdateDate>2025-02-27 09:58</PriceUpdateDate>
      <ItemCode>4810168064068</ItemCode>
      <ItemType>1</ItemType>
      <ItemName>בסגנון קוויאר אדום כדורי דג פורל 230 גרם</ItemName>
      <ManufacturerName>לא ידוע</ManufacturerName>
      <ManufactureCountry>בלרוס</ManufactureCountry>
      <ManufacturerItemDescription>בסגנון קוויאר אדום כ</ManufacturerItemDescription>
      <UnitQty>גרמים</UnitQty>
      <Quantity>230.00</Quantity>
      <bIsWeighted>0</bIsWeighted>
      <UnitOfMeasure>100 גרם</UnitOfMeasure>
      <QtyInPackage>1</QtyInPackage>
      <ItemPrice>18.50</ItemPrice>
      <UnitOfMeasurePrice>8.04</UnitOfMeasurePrice>
      <AllowDiscount>1</AllowDiscount>
      <ItemStatus>1</ItemStatus>
    </Item>
    <Item>
      <PriceUpdateDate>2025-03-03 06:57</PriceUpdateDate>
      <ItemCode>4810168064228</ItemCode>
      <ItemType>1</ItemType>
      <ItemName>סלט איקרה ורודה 180 גרם</ItemName>
      <ManufacturerName>לא ידוע</ManufacturerName>
      <ManufactureCountry>בלרוס</ManufactureCountry>
      <ManufacturerItemDescription>סלט איקרה ורודה 180 </ManufacturerItemDescription>
      <UnitQty>גרמים</UnitQty>
      <Quantity>180.00</Quantity>
      <bIsWeighted>0</bIsWeighted>
      <UnitOfMeasure>100 גרם</UnitOfMeasure>
      <QtyInPackage>1</QtyInPackage>
      <ItemPrice>18.50</ItemPrice>
      <UnitOfMeasurePrice>10.28</UnitOfMeasurePrice>
      <AllowDiscount>1</AllowDiscount>
      <ItemStatus>1</ItemStatus>
    </Item>
    <Item>
      <PriceUpdateDate>2024-12-01 14:46</PriceUpdateDate>
      <ItemCode>4810168065324</ItemCode>
      <ItemType>1</ItemType>
      <ItemName>מאגדת גלידת שמנת משובחת YUKKI וניל סנדוו</ItemName>
      <ManufacturerName>לא ידוע</ManufacturerName>
      <ManufactureCountry>בלרוס</ManufactureCountry>
      <ManufacturerItemDescription>גלידת שמנת משובחת   </ManufacturerItemDescription>
      <UnitQty>גרמים</UnitQty>
      <Quantity>400.00</Quantity>
      <bIsWeighted>0</bIsWeighted>
      <UnitOfMeasure>100 גרם</UnitOfMeasure>
      <QtyInPackage>1</QtyInPackage>
      <ItemPrice>38.90</ItemPrice>
      <UnitOfMeasurePrice>9.73</UnitOfMeasurePrice>
      <AllowDiscount>1</AllowDiscount>
      <ItemStatus>1</ItemStatus>
    </Item>
    <Item>
      <PriceUpdateDate>2025-12-08 23:00</PriceUpdateDate>
      <ItemCode>4810168069018</ItemCode>
      <ItemType>1</ItemType>
      <ItemName>מאגדת גלידת שמנת משובחת YUKKI שוקולד סנד</ItemName>
      <ManufacturerName>לא ידוע</ManufacturerName>
      <ManufactureCountry />
      <ManufacturerItemDescription>מאגדת גלידת שמנת משו</ManufacturerItemDescription>
      <UnitQty>גרמים</UnitQty>
      <Quantity>400.00</Quantity>
      <bIsWeighted>0</bIsWeighted>
      <UnitOfMeasure>100 גרם</UnitOfMeasure>
      <QtyInPackage>1</QtyInPackage>
      <ItemPrice>38.90</ItemPrice>
      <UnitOfMeasurePrice>9.73</UnitOfMeasurePrice>
      <AllowDiscount>1</AllowDiscount>
      <ItemStatus>1</ItemStatus>
    </Item>
    <Item>
      <PriceUpdateDate>2025-07-21 19:07</PriceUpdateDate>
      <ItemCode>4820077162427</ItemCode>
      <ItemType>1</ItemType>
      <ItemName>גלידת שמנת משובחת MINI MOCHI פיסטוק בשוק</ItemName>
      <ManufacturerName>לא ידוע</ManufacturerName>
      <ManufactureCountry>UA</ManufactureCountry>
      <ManufacturerItemDescription>גלידת שמנת משובחת   </ManufacturerItemDescription>
      <UnitQty>גרמים</UnitQty>
      <Quantity>240.00</Quantity>
      <bIsWeighted>0</bIsWeighted>
      <UnitOfMeasure>100 גרם</UnitOfMeasure>
      <QtyInPackage>1</QtyInPackage>
      <ItemPrice>39.90</ItemPrice>
      <UnitOfMeasurePrice>16.63</UnitOfMeasurePrice>
      <AllowDiscount>1</AllowDiscount>
      <ItemStatus>1</ItemStatus>
    </Item>
    <Item>
      <PriceUpdateDate>2025-07-21 19:07</PriceUpdateDate>
      <ItemCode>4820077162441</ItemCode>
      <ItemType>1</ItemType>
      <ItemName>קינוח  DUBAI CRUNCH פיסטוק קדאיף בשוקולד</ItemName>
      <ManufacturerName>לא ידוע</ManufacturerName>
      <ManufactureCountry>UA</ManufactureCountry>
      <ManufacturerItemDescription>קראנץ דובאי גלידה   </ManufacturerItemDescription>
      <UnitQty>גרמים</UnitQty>
      <Quantity>240.00</Quantity>
      <bIsWeighted>0</bIsWeighted>
      <UnitOfMeasure>100 גרם</UnitOfMeasure>
      <QtyInPackage>1</QtyInPackage>
      <ItemPrice>40.90</ItemPrice>
      <UnitOfMeasurePrice>17.04</UnitOfMeasurePrice>
      <AllowDiscount>1</AllowDiscount>
      <ItemStatus>1</ItemStatus>
    </Item>
    <Item>
      <PriceUpdateDate>2025-05-07 23:00</PriceUpdateDate>
      <ItemCode>4820154487856</ItemCode>
      <ItemType>1</ItemType>
      <ItemName>ביסקוויט פתיבר קקאו 250 גר YARYCH</ItemName>
      <ManufacturerName>לא ידוע</ManufacturerName>
      <ManufactureCountry>אוקראינה</ManufactureCountry>
      <ManufacturerItemDescription>ביסקוויט פתיבר קקאו </ManufacturerItemDescription>
      <UnitQty>גרמים</UnitQty>
      <Quantity>250.00</Quantity>
      <bIsWeighted>0</bIsWeighted>
      <UnitOfMeasure>100 גרם</UnitOfMeasure>
      <QtyInPackage>1</QtyInPackage>
      <ItemPrice>8.50</ItemPrice>
      <UnitOfMeasurePrice>3.40</UnitOfMeasurePrice>
      <AllowDiscount>1</AllowDiscount>
      <ItemStatus>1</ItemStatus>
    </Item>
    <Item>
      <PriceUpdateDate>2025-05-04 17:23</PriceUpdateDate>
      <ItemCode>4820154487870</ItemCode>
      <ItemType>1</ItemType>
      <ItemName>ביסקוויט פתיבר קקאו 500 גר YARYCH</ItemName>
      <ManufacturerName>לא ידוע</ManufacturerName>
      <ManufactureCountry>אוקראינה</ManufactureCountry>
      <ManufacturerItemDescription>ביסקוויט פתיבר קקאו </ManufacturerItemDescription>
      <UnitQty>גרמים</UnitQty>
      <Quantity>500.00</Quantity>
      <bIsWeighted>0</bIsWeighted>
      <UnitOfMeasure>100 גרם</UnitOfMeasure>
      <QtyInPackage>1</QtyInPackage>
      <ItemPrice>13.90</ItemPrice>
      <UnitOfMeasurePrice>2.78</UnitOfMeasurePrice>
      <AllowDiscount>1</AllowDiscount>
      <ItemStatus>1</ItemStatus>
    </Item>
    <Item>
      <PriceUpdateDate>2025-05-06 06:39</PriceUpdateDate>
      <ItemCode>4820185231978</ItemCode>
      <ItemType>1</ItemType>
      <ItemName>גלידה פלומביר בלרוסקי 600 גר</ItemName>
      <ManufacturerName>לא ידוע</ManufacturerName>
      <ManufactureCountry>לא ידוע</ManufactureCountry>
      <ManufacturerItemDescription>גלידה פלומביר בלרוסק</ManufacturerItemDescription>
      <UnitQty>גרמים</UnitQty>
      <Quantity>600.00</Quantity>
      <bIsWeighted>0</bIsWeighted>
      <UnitOfMeasure>100 גרם</UnitOfMeasure>
      <QtyInPackage>1</QtyInPackage>
      <ItemPrice>42.90</ItemPrice>
      <UnitOfMeasurePrice>7.15</UnitOfMeasurePrice>
      <AllowDiscount>1</AllowDiscount>
      <ItemStatus>1</ItemStatus>
    </Item>
    <Item>
      <PriceUpdateDate>2025-03-11 08:26</PriceUpdateDate>
      <ItemCode>4820185233330</ItemCode>
      <ItemType>1</ItemType>
      <ItemName>גלידה משפחתית לאסקה תות 1 קג</ItemName>
      <ManufacturerName>לא ידוע</ManufacturerName>
      <ManufactureCountry>לא ידוע</ManufactureCountry>
      <ManufacturerItemDescription>גלידה משפחתית לאסקה </ManufacturerItemDescription>
      <UnitQty>גרמים</UnitQty>
      <Quantity>1000.00</Quantity>
      <bIsWeighted>0</bIsWeighted>
      <UnitOfMeasure>100 גרם</UnitOfMeasure>
      <QtyInPackage>1</QtyInPackage>
      <ItemPrice>49.90</ItemPrice>
      <UnitOfMeasurePrice>4.99</UnitOfMeasurePrice>
      <AllowDiscount>1</AllowDiscount>
      <ItemStatus>1</ItemStatus>
    </Item>
    <Item>
      <PriceUpdateDate>2025-05-06 06:39</PriceUpdateDate>
      <ItemCode>4820193551945</ItemCode>
      <ItemType>1</ItemType>
      <ItemName>גלידה כוס פלומביר פילבסקי 90 גר</ItemName>
      <ManufacturerName>לא ידוע</ManufacturerName>
      <ManufactureCountry>לא ידוע</ManufactureCountry>
      <ManufacturerItemDescription>גלידת שמנת בטעם וניל</ManufacturerItemDescription>
      <UnitQty>גרמים</UnitQty>
      <Quantity>90.00</Quantity>
      <bIsWeighted>0</bIsWeighted>
      <UnitOfMeasure>100 גרם</UnitOfMeasure>
      <QtyInPackage>1</QtyInPackage>
      <ItemPrice>8.90</ItemPrice>
      <UnitOfMeasurePrice>9.89</UnitOfMeasurePrice>
      <AllowDiscount>1</AllowDiscount>
      <ItemStatus>1</ItemStatus>
    </Item>
    <Item>
      <PriceUpdateDate>2025-03-03 06:56</PriceUpdateDate>
      <ItemCode>4820217240114</ItemCode>
      <ItemType>1</ItemType>
      <ItemName>חמאה 82.5% פרמה 200 גר</ItemName>
      <ManufacturerName>לא ידוע</ManufacturerName>
      <ManufactureCountry>אוקראינה</ManufactureCountry>
      <ManufacturerItemDescription>חמאה 82.5% פרמה 200 </ManufacturerItemDescription>
      <UnitQty>גרמים</UnitQty>
      <Quantity>200.00</Quantity>
      <bIsWeighted>0</bIsWeighted>
      <UnitOfMeasure>100 גרם</UnitOfMeasure>
      <QtyInPackage>1</QtyInPackage>
      <ItemPrice>16.50</ItemPrice>
      <UnitOfMeasurePrice>8.25</UnitOfMeasurePrice>
      <AllowDiscount>1</AllowDiscount>
      <ItemStatus>1</ItemStatus>
    </Item>
    <Item>
      <PriceUpdateDate>2025-08-17 13:03</PriceUpdateDate>
      <ItemCode>4820245528550</ItemCode>
      <ItemType>1</ItemType>
      <ItemName>ממרח מחמאה 200 גרם LAKTIKA</ItemName>
      <ManufacturerName>לא ידוע</ManufacturerName>
      <ManufactureCountry>UA</ManufactureCountry>
      <ManufacturerItemDescription>ממרח מחמאה 200 גרם L</ManufacturerItemDescription>
      <UnitQty>גרמים</UnitQty>
      <Quantity>200.00</Quantity>
      <bIsWeighted>0</bIsWeighted>
      <UnitOfMeasure>100 גרם</UnitOfMeasure>
      <QtyInPackage>1</QtyInPackage>
      <ItemPrice>13.90</ItemPrice>
      <UnitOfMeasurePrice>6.95</UnitOfMeasurePrice>
      <AllowDiscount>1</AllowDiscount>
      <ItemStatus>1</ItemStatus>
    </Item>
    <Item>
      <PriceUpdateDate>2025-03-03 06:56</PriceUpdateDate>
      <ItemCode>4823077602863</ItemCode>
      <ItemType>1</ItemType>
      <ItemName>סוכריות דבורה משוגעת 200 גרם שקית</ItemName>
      <ManufacturerName>לא ידוע</ManufacturerName>
      <ManufactureCountry>אוקראינה</ManufactureCountry>
      <ManufacturerItemDescription>רושן סוכריות גלי "קר</ManufacturerItemDescription>
      <UnitQty>גרמים</UnitQty>
      <Quantity>200.00</Quantity>
      <bIsWeighted>0</bIsWeighted>
      <UnitOfMeasure>100 גרם</UnitOfMeasure>
      <QtyInPackage>1</QtyInPackage>
      <ItemPrice>11.90</ItemPrice>
      <UnitOfMeasurePrice>5.95</UnitOfMeasurePrice>
      <AllowDiscount>1</AllowDiscount>
      <ItemStatus>1</ItemStatus>
    </Item>
    <Item>
      <PriceUpdateDate>2025-03-03 06:56</PriceUpdateDate>
      <ItemCode>4823077608513</ItemCode>
      <ItemType>1</ItemType>
      <ItemName>סוכריות קורובקה 205 גרם רושן</ItemName>
      <ManufacturerName>לא ידוע</ManufacturerName>
      <ManufactureCountry>לא ידוע</ManufactureCountry>
      <ManufacturerItemDescription>סוכריות קורובקה 205 </ManufacturerItemDescription>
      <UnitQty>גרמים</UnitQty>
      <Quantity>205.00</Quantity>
      <bIsWeighted>0</bIsWeighted>
      <UnitOfMeasure>100 גרם</UnitOfMeasure>
      <QtyInPackage>1</QtyInPackage>
      <ItemPrice>11.90</ItemPrice>
      <UnitOfMeasurePrice>5.80</UnitOfMeasurePrice>
      <AllowDiscount>1</AllowDiscount>
      <ItemStatus>1</ItemStatus>
    </Item>
    <Item>
      <PriceUpdateDate>2025-02-27 09:58</PriceUpdateDate>
      <ItemCode>4823077613630</ItemCode>
      <ItemType>1</ItemType>
      <ItemName>באטונציק קרם ברולה 43 גר רושן</ItemName>
      <ManufacturerName>לא ידוע</ManufacturerName>
      <ManufactureCountry>לא ידוע</ManufactureCountry>
      <ManufacturerItemDescription>באטונציק קרם ברולה 4</ManufacturerItemDescription>
      <UnitQty>גרמים</UnitQty>
      <Quantity>43.00</Quantity>
      <bIsWeighted>0</bIsWeighted>
      <UnitOfMeasure>100 גרם</UnitOfMeasure>
      <QtyInPackage>1</QtyInPackage>
      <ItemPrice>7.50</ItemPrice>
      <UnitOfMeasurePrice>17.44</UnitOfMeasurePrice>
      <AllowDiscount>1</AllowDiscount>
      <ItemStatus>1</ItemStatus>
    </Item>
    <Item>
      <PriceUpdateDate>2025-03-03 06:56</PriceUpdateDate>
      <ItemCode>4823077614675</ItemCode>
      <ItemType>1</ItemType>
      <ItemName>ביסקוויט חלב 185 גר רושן</ItemName>
      <ManufacturerName>לא ידוע</ManufacturerName>
      <ManufactureCountry>לא ידוע</ManufactureCountry>
      <ManufacturerItemDescription>ביסקוויט חלב 185 גר </ManufacturerItemDescription>
      <UnitQty>גרמים</UnitQty>
      <Quantity>185.00</Quantity>
      <bIsWeighted>0</bIsWeighted>
      <UnitOfMeasure>100 גרם</UnitOfMeasure>
      <QtyInPackage>1</QtyInPackage>
      <ItemPrice>7.50</ItemPrice>
      <UnitOfMeasurePrice>4.05</UnitOfMeasurePrice>
      <AllowDiscount>1</AllowDiscount>
      <ItemStatus>1</ItemStatus>
    </Item>
    <Item>
      <PriceUpdateDate>2025-03-03 06:56</PriceUpdateDate>
      <ItemCode>4823077614699</ItemCode>
      <ItemType>1</ItemType>
      <ItemName>ביסקוויט וניל 185 גר רושן</ItemName>
      <ManufacturerName>לא ידוע</ManufacturerName>
      <ManufactureCountry>לא ידוע</ManufactureCountry>
      <ManufacturerItemDescription>ביסקוויט וניל 185 גר</ManufacturerItemDescription>
      <UnitQty>גרמים</UnitQty>
      <Quantity>185.00</Quantity>
      <bIsWeighted>0</bIsWeighted>
      <UnitOfMeasure>100 גרם</UnitOfMeasure>
      <QtyInPackage>1</QtyInPackage>
      <ItemPrice>7.50</ItemPrice>
      <UnitOfMeasurePrice>4.05</UnitOfMeasurePrice>
      <AllowDiscount>1</AllowDiscount>
      <ItemStatus>1</ItemStatus>
    </Item>
    <Item>
      <PriceUpdateDate>2025-03-03 06:56</PriceUpdateDate>
      <ItemCode>4823077617041</ItemCode>
      <ItemType>1</ItemType>
      <ItemName>באטונציק קרמל 40 גר רושן</ItemName>
      <ManufacturerName>לא ידוע</ManufacturerName>
      <ManufactureCountry>לא ידוע</ManufactureCountry>
      <ManufacturerItemDescription>באטונציק קרמל 40 גר </ManufacturerItemDescription>
      <UnitQty>גרמים</UnitQty>
      <Quantity>40.00</Quantity>
      <bIsWeighted>0</bIsWeighted>
      <UnitOfMeasure>100 גרם</UnitOfMeasure>
      <QtyInPackage>1</QtyInPackage>
      <ItemPrice>7.50</ItemPrice>
      <UnitOfMeasurePrice>18.75</UnitOfMeasurePrice>
      <AllowDiscount>1</AllowDiscount>
      <ItemStatus>1</ItemStatus>
    </Item>
    <Item>
      <PriceUpdateDate>2025-03-03 06:56</PriceUpdateDate>
      <ItemCode>4823077621154</ItemCode>
      <ItemType>1</ItemType>
      <ItemName>באטונציק 43 גר רושן</ItemName>
      <ManufacturerName>לא ידוע</ManufacturerName>
      <ManufactureCountry>לא ידוע</ManufactureCountry>
      <ManufacturerItemDescription>באטונציק 43 גר רושן </ManufacturerItemDescription>
      <UnitQty>גרמים</UnitQty>
      <Quantity>43.00</Quantity>
      <bIsWeighted>0</bIsWeighted>
      <UnitOfMeasure>100 גרם</UnitOfMeasure>
      <QtyInPackage>1</QtyInPackage>
      <ItemPrice>7.50</ItemPrice>
      <UnitOfMeasurePrice>17.44</UnitOfMeasurePrice>
      <AllowDiscount>1</AllowDiscount>
      <ItemStatus>1</ItemStatus>
    </Item>
    <Item>
      <PriceUpdateDate>2025-02-24 13:34</PriceUpdateDate>
      <ItemCode>4823077623714</ItemCode>
      <ItemType>1</ItemType>
      <ItemName>סוכריות כוס חלב 150 גרם רושן</ItemName>
      <ManufacturerName>לא ידוע</ManufacturerName>
      <ManufactureCountry />
      <ManufacturerItemDescription>סוכריות כוס חלב 150 </ManufacturerItemDescription>
      <UnitQty>גרמים</UnitQty>
      <Quantity>150.00</Quantity>
      <bIsWeighted>0</bIsWeighted>
      <UnitOfMeasure>100 גרם</UnitOfMeasure>
      <QtyInPackage>1</QtyInPackage>
      <ItemPrice>11.90</ItemPrice>
      <UnitOfMeasurePrice>7.93</UnitOfMeasurePrice>
      <AllowDiscount>1</AllowDiscount>
      <ItemStatus>1</ItemStatus>
    </Item>
    <Item>
      <PriceUpdateDate>2025-03-03 06:56</PriceUpdateDate>
      <ItemCode>4823077624247</ItemCode>
      <ItemType>1</ItemType>
      <ItemName>גילי בוני פרוט 200 גר CITRUS MIX</ItemName>
      <ManufacturerName>לא ידוע</ManufacturerName>
      <ManufactureCountry />
      <ManufacturerItemDescription>גילי בוני פרוט 200 ג</ManufacturerItemDescription>
      <UnitQty>גרמים</UnitQty>
      <Quantity>200.00</Quantity>
      <bIsWeighted>0</bIsWeighted>
      <UnitOfMeasure>100 גרם</UnitOfMeasure>
      <QtyInPackage>1</QtyInPackage>
      <ItemPrice>11.90</ItemPrice>
      <UnitOfMeasurePrice>5.95</UnitOfMeasurePrice>
      <AllowDiscount>1</AllowDiscount>
      <ItemStatus>1</ItemStatus>
    </Item>
    <Item>
      <PriceUpdateDate>2025-03-03 06:56</PriceUpdateDate>
      <ItemCode>4823077624261</ItemCode>
      <ItemType>1</ItemType>
      <ItemName>גילי בוני פרוט 200 גר BERRY MIX</ItemName>
      <ManufacturerName>לא ידוע</ManufacturerName>
      <ManufactureCountry />
      <ManufacturerItemDescription>גילי בוני פרוט 200 ג</ManufacturerItemDescription>
      <UnitQty>גרמים</UnitQty>
      <Quantity>200.00</Quantity>
      <bIsWeighted>0</bIsWeighted>
      <UnitOfMeasure>100 גרם</UnitOfMeasure>
      <QtyInPackage>1</QtyInPackage>
      <ItemPrice>11.90</ItemPrice>
      <UnitOfMeasurePrice>5.95</UnitOfMeasurePrice>
      <AllowDiscount>1</AllowDiscount>
      <ItemStatus>1</ItemStatus>
    </Item>
    <Item>
      <PriceUpdateDate>2025-03-03 06:56</PriceUpdateDate>
      <ItemCode>4823077625145</ItemCode>
      <ItemType>1</ItemType>
      <ItemName>בונבוניירה רושן דובדבן בליקר דובדבן 155</ItemName>
      <ManufacturerName>לא ידוע</ManufacturerName>
      <ManufactureCountry>אוקראינה</ManufactureCountry>
      <ManufacturerItemDescription>בונבוניירה רושן דובד</ManufacturerItemDescription>
      <UnitQty>גרמים</UnitQty>
      <Quantity>155.00</Quantity>
      <bIsWeighted>0</bIsWeighted>
      <UnitOfMeasure>100 גרם</UnitOfMeasure>
      <QtyInPackage>1</QtyInPackage>
      <ItemPrice>29.90</ItemPrice>
      <UnitOfMeasurePrice>19.29</UnitOfMeasurePrice>
      <AllowDiscount>1</AllowDiscount>
      <ItemStatus>1</ItemStatus>
    </Item>
    <Item>
      <PriceUpdateDate>2025-07-27 13:48</PriceUpdateDate>
      <ItemCode>4823077625626</ItemCode>
      <ItemType>1</ItemType>
      <ItemName>וופל וואפרס אגוז רושן 216 גר</ItemName>
      <ManufacturerName>לא ידוע</ManufacturerName>
      <ManufactureCountry>אוקראינה</ManufactureCountry>
      <ManufacturerItemDescription>וופל וואפרס אגוז רוש</ManufacturerItemDescription>
      <UnitQty>גרמים</UnitQty>
      <Quantity>216.00</Quantity>
      <bIsWeighted>0</bIsWeighted>
      <UnitOfMeasure>100 גרם</UnitOfMeasure>
      <QtyInPackage>1</QtyInPackage>
      <ItemPrice>10.90</ItemPrice>
      <UnitOfMeasurePrice>5.05</UnitOfMeasurePrice>
      <AllowDiscount>1</AllowDiscount>
      <ItemStatus>1</ItemStatus>
    </Item>
    <Item>
      <PriceUpdateDate>2025-03-03 06:53</PriceUpdateDate>
      <ItemCode>4823077626203</ItemCode>
      <ItemType>1</ItemType>
      <ItemName>שוקולד אורירי מריר 80 גר רושן</ItemName>
      <ManufacturerName>לא ידוע</ManufacturerName>
      <ManufactureCountry>אוקראינה</ManufactureCountry>
      <ManufacturerItemDescription>שוקולד אורירי מריר 8</ManufacturerItemDescription>
      <UnitQty>גרמים</UnitQty>
      <Quantity>80.00</Quantity>
      <bIsWeighted>0</bIsWeighted>
      <UnitOfMeasure>100 גרם</UnitOfMeasure>
      <QtyInPackage>1</QtyInPackage>
      <ItemPrice>11.90</ItemPrice>
      <UnitOfMeasurePrice>14.88</UnitOfMeasurePrice>
      <AllowDiscount>1</AllowDiscount>
      <ItemStatus>1</ItemStatus>
    </Item>
    <Item>
      <PriceUpdateDate>2025-03-03 06:53</PriceUpdateDate>
      <ItemCode>4823077626227</ItemCode>
      <ItemType>1</ItemType>
      <ItemName>שוקולד אורירי חלב 80 גר רושן</ItemName>
      <ManufacturerName>לא ידוע</ManufacturerName>
      <ManufactureCountry>אוקראינה</ManufactureCountry>
      <ManufacturerItemDescription>שוקולד אורירי חלב 80</ManufacturerItemDescription>
      <UnitQty>גרמים</UnitQty>
      <Quantity>80.00</Quantity>
      <bIsWeighted>0</bIsWeighted>
      <UnitOfMeasure>100 גרם</UnitOfMeasure>
      <QtyInPackage>1</QtyInPackage>
      <ItemPrice>11.90</ItemPrice>
      <UnitOfMeasurePrice>14.88</UnitOfMeasurePrice>
      <AllowDiscount>1</AllowDiscount>
      <ItemStatus>1</ItemStatus>
    </Item>
    <Item>
      <PriceUpdateDate>2025-03-03 06:53</PriceUpdateDate>
      <ItemCode>4823077626241</ItemCode>
      <ItemType>1</ItemType>
      <ItemName>שוקולד אורירי לבן קרמל 80 גר רושן</ItemName>
      <ManufacturerName>לא ידוע</ManufacturerName>
      <ManufactureCountry>אוקראינה</ManufactureCountry>
      <ManufacturerItemDescription>שוקולד אורירי לבן קר</ManufacturerItemDescription>
      <UnitQty>גרמים</UnitQty>
      <Quantity>80.00</Quantity>
      <bIsWeighted>0</bIsWeighted>
      <UnitOfMeasure>100 גרם</UnitOfMeasure>
      <QtyInPackage>1</QtyInPackage>
      <ItemPrice>11.90</ItemPrice>
      <UnitOfMeasurePrice>14.88</UnitOfMeasurePrice>
      <AllowDiscount>1</AllowDiscount>
      <ItemStatus>1</ItemStatus>
    </Item>
    <Item>
      <PriceUpdateDate>2025-03-03 06:53</PriceUpdateDate>
      <ItemCode>4823077626364</ItemCode>
      <ItemType>1</ItemType>
      <ItemName>שוקולד אורירי לבן 80 גר רושן</ItemName>
      <ManufacturerName>לא ידוע</ManufacturerName>
      <ManufactureCountry>אוקראינה</ManufactureCountry>
      <ManufacturerItemDescription>שוקולד אורירי לבן 80</ManufacturerItemDescription>
      <UnitQty>גרמים</UnitQty>
      <Quantity>80.00</Quantity>
      <bIsWeighted>0</bIsWeighted>
      <UnitOfMeasure>100 גרם</UnitOfMeasure>
      <QtyInPackage>1</QtyInPackage>
      <ItemPrice>11.90</ItemPrice>
      <UnitOfMeasurePrice>14.88</UnitOfMeasurePrice>
      <AllowDiscount>1</AllowDiscount>
      <ItemStatus>1</ItemStatus>
    </Item>
    <Item>
      <PriceUpdateDate>2025-02-24 10:59</PriceUpdateDate>
      <ItemCode>4823077630057</ItemCode>
      <ItemType>1</ItemType>
      <ItemName>חמאה גר 200 ROSHEN 82.5%</ItemName>
      <ManufacturerName>לא ידוע</ManufacturerName>
      <ManufactureCountry>אוקראינה</ManufactureCountry>
      <ManufacturerItemDescription>חמאה גר 200 ROSHEN 8</ManufacturerItemDescription>
      <UnitQty>גרמים</UnitQty>
      <Quantity>200.00</Quantity>
      <bIsWeighted>0</bIsWeighted>
      <UnitOfMeasure>100 גרם</UnitOfMeasure>
      <QtyInPackage>1</QtyInPackage>
      <ItemPrice>16.50</ItemPrice>
      <UnitOfMeasurePrice>8.25</UnitOfMeasurePrice>
      <AllowDiscount>1</AllowDiscount>
      <ItemStatus>1</ItemStatus>
    </Item>
    <Item>
      <PriceUpdateDate>2025-07-27 13:46</PriceUpdateDate>
      <ItemCode>4823077631856</ItemCode>
      <ItemType>1</ItemType>
      <ItemName>וופל רול קונאפטו קוקוס 140 גר</ItemName>
      <ManufacturerName>לא ידוע</ManufacturerName>
      <ManufactureCountry>אוקראינה</ManufactureCountry>
      <ManufacturerItemDescription>וופל רול קונאפטו קוק</ManufacturerItemDescription>
      <UnitQty>גרמים</UnitQty>
      <Quantity>140.00</Quantity>
      <bIsWeighted>0</bIsWeighted>
      <UnitOfMeasure>100 גרם</UnitOfMeasure>
      <QtyInPackage>1</QtyInPackage>
      <ItemPrice>10.90</ItemPrice>
      <UnitOfMeasurePrice>7.79</UnitOfMeasurePrice>
      <AllowDiscount>1</AllowDiscount>
      <ItemStatus>1</ItemStatus>
    </Item>
    <Item>
      <PriceUpdateDate>2025-03-03 06:53</PriceUpdateDate>
      <ItemCode>4823077632112</ItemCode>
      <ItemType>1</ItemType>
      <ItemName>וופל בטעם קקאו חלב רושן 216 גר</ItemName>
      <ManufacturerName>לא ידוע</ManufacturerName>
      <ManufactureCountry />
      <ManufacturerItemDescription>וופל בטעם קקאו חלב ר</ManufacturerItemDescription>
      <UnitQty>גרמים</UnitQty>
      <Quantity>216.00</Quantity>
      <bIsWeighted>0</bIsWeighted>
      <UnitOfMeasure>100 גרם</UnitOfMeasure>
      <QtyInPackage>1</QtyInPackage>
      <ItemPrice>10.90</ItemPrice>
      <UnitOfMeasurePrice>5.05</UnitOfMeasurePrice>
      <AllowDiscount>1</AllowDiscount>
      <ItemStatus>1</ItemStatus>
    </Item>
    <Item>
      <PriceUpdateDate>2025-03-03 06:53</PriceUpdateDate>
      <ItemCode>4823077634178</ItemCode>
      <ItemType>1</ItemType>
      <ItemName>עוגיות עם מילוי תפוח קינמון 168 גר LOVIT</ItemName>
      <ManufacturerName>לא ידוע</ManufacturerName>
      <ManufactureCountry />
      <ManufacturerItemDescription>עוגיות עם מילוי תפוח</ManufacturerItemDescription>
      <UnitQty>גרמים</UnitQty>
      <Quantity>168.00</Quantity>
      <bIsWeighted>0</bIsWeighted>
      <UnitOfMeasure>100 גרם</UnitOfMeasure>
      <QtyInPackage>1</QtyInPackage>
      <ItemPrice>10.90</ItemPrice>
      <UnitOfMeasurePrice>6.49</UnitOfMeasurePrice>
      <AllowDiscount>1</AllowDiscount>
      <ItemStatus>1</ItemStatus>
    </Item>
    <Item>
      <PriceUpdateDate>2025-03-03 06:53</PriceUpdateDate>
      <ItemCode>4823077634222</ItemCode>
      <ItemType>1</ItemType>
      <ItemName>עוגיות תפוז 135 גר LOVITA</ItemName>
      <ManufacturerName>לא ידוע</ManufacturerName>
      <ManufactureCountry />
      <ManufacturerItemDescription>עוגיות תפוז 135 גר L</ManufacturerItemDescription>
      <UnitQty>גרמים</UnitQty>
      <Quantity>135.00</Quantity>
      <bIsWeighted>0</bIsWeighted>
      <UnitOfMeasure>100 גרם</UnitOfMeasure>
      <QtyInPackage>1</QtyInPackage>
      <ItemPrice>10.90</ItemPrice>
      <UnitOfMeasurePrice>8.07</UnitOfMeasurePrice>
      <AllowDiscount>1</AllowDiscount>
      <ItemStatus>1</ItemStatus>
    </Item>
    <Item>
      <PriceUpdateDate>2025-03-03 06:53</PriceUpdateDate>
      <ItemCode>4823077634277</ItemCode>
      <ItemType>1</ItemType>
      <ItemName>עוגיות תות שדה 135 גר LOVITA</ItemName>
      <ManufacturerName>לא ידוע</ManufacturerName>
      <ManufactureCountry />
      <ManufacturerItemDescription>עוגיות תות שדה 135 ג</ManufacturerItemDescription>
      <UnitQty>גרמים</UnitQty>
      <Quantity>135.00</Quantity>
      <bIsWeighted>0</bIsWeighted>
      <UnitOfMeasure>100 גרם</UnitOfMeasure>
      <QtyInPackage>1</QtyInPackage>
      <ItemPrice>10.90</ItemPrice>
      <UnitOfMeasurePrice>8.07</UnitOfMeasurePrice>
      <AllowDiscount>1</AllowDiscount>
      <ItemStatus>1</ItemStatus>
    </Item>
    <Item>
      <PriceUpdateDate>2024-12-08 08:02</PriceUpdateDate>
      <ItemCode>4823077636073</ItemCode>
      <ItemType>1</ItemType>
      <ItemName>עוגיות תות שדה 420 גר LOVITA</ItemName>
      <ManufacturerName>לא ידוע</ManufacturerName>
      <ManufactureCountry />
      <ManufacturerItemDescription>עוגיות תות שדה 420 ג</ManufacturerItemDescription>
      <UnitQty>גרמים</UnitQty>
      <Quantity>420.00</Quantity>
      <bIsWeighted>0</bIsWeighted>
      <UnitOfMeasure>100 גרם</UnitOfMeasure>
      <QtyInPackage>1</QtyInPackage>
      <ItemPrice>24.90</ItemPrice>
      <UnitOfMeasurePrice>5.93</UnitOfMeasurePrice>
      <AllowDiscount>1</AllowDiscount>
      <ItemStatus>1</ItemStatus>
    </Item>
    <Item>
      <PriceUpdateDate>2024-12-08 08:00</PriceUpdateDate>
      <ItemCode>4823077636097</ItemCode>
      <ItemType>1</ItemType>
      <ItemName>עוגיות פטל 420 גר LOVITA</ItemName>
      <ManufacturerName>לא ידוע</ManufacturerName>
      <ManufactureCountry />
      <ManufacturerItemDescription>עוגיות פטל 420 גר LO</ManufacturerItemDescription>
      <UnitQty>גרמים</UnitQty>
      <Quantity>420.00</Quantity>
      <bIsWeighted>0</bIsWeighted>
      <UnitOfMeasure>100 גרם</UnitOfMeasure>
      <QtyInPackage>1</QtyInPackage>
      <ItemPrice>24.90</ItemPrice>
      <UnitOfMeasurePrice>5.93</UnitOfMeasurePrice>
      <AllowDiscount>1</AllowDiscount>
      <ItemStatus>1</ItemStatus>
    </Item>
    <Item>
      <PriceUpdateDate>2024-12-08 07:58</PriceUpdateDate>
      <ItemCode>4823077636110</ItemCode>
      <ItemType>1</ItemType>
      <ItemName>עוגיות תפוז 420 גר LOVITA</ItemName>
      <ManufacturerName>לא ידוע</ManufacturerName>
      <ManufactureCountry />
      <ManufacturerItemDescription>עוגיות תפוז 420 גר L</ManufacturerItemDescription>
      <UnitQty>גרמים</UnitQty>
      <Quantity>420.00</Quantity>
      <bIsWeighted>0</bIsWeighted>
      <UnitOfMeasure>100 גרם</UnitOfMeasure>
      <QtyInPackage>1</QtyInPackage>
      <ItemPrice>24.90</ItemPrice>
      <UnitOfMeasurePrice>5.93</UnitOfMeasurePrice>
      <AllowDiscount>1</AllowDiscount>
      <ItemStatus>1</ItemStatus>
    </Item>
    <Item>
      <PriceUpdateDate>2025-03-03 06:53</PriceUpdateDate>
      <ItemCode>4823077641312</ItemCode>
      <ItemType>1</ItemType>
      <ItemName>וופל רושן בטעם קקאו 216 גר</ItemName>
      <ManufacturerName>לא ידוע</ManufacturerName>
      <ManufactureCountry>אוקראינה</ManufactureCountry>
      <ManufacturerItemDescription>וופל רושן בטעם קקאו </ManufacturerItemDescription>
      <UnitQty>גרמים</UnitQty>
      <Quantity>216.00</Quantity>
      <bIsWeighted>0</bIsWeighted>
      <UnitOfMeasure>100 גרם</UnitOfMeasure>
      <QtyInPackage>1</QtyInPackage>
      <ItemPrice>10.90</ItemPrice>
      <UnitOfMeasurePrice>5.05</UnitOfMeasurePrice>
      <AllowDiscount>1</AllowDiscount>
      <ItemStatus>1</ItemStatus>
    </Item>
    <Item>
      <PriceUpdateDate>2025-10-22 22:57</PriceUpdateDate>
      <ItemCode>4823077646294</ItemCode>
      <ItemType>1</ItemType>
      <ItemName>עוגיות רושן קקאו 152 גר LOVITA</ItemName>
      <ManufacturerName>לא ידוע</ManufacturerName>
      <ManufactureCountry>UA</ManufactureCountry>
      <ManufacturerItemDescription>עוגיות רושן קקאו 152</ManufacturerItemDescription>
      <UnitQty>גרמים</UnitQty>
      <Quantity>152.00</Quantity>
      <bIsWeighted>0</bIsWeighted>
      <UnitOfMeasure>100 גרם</UnitOfMeasure>
      <QtyInPackage>1</QtyInPackage>
      <ItemPrice>8.90</ItemPrice>
      <UnitOfMeasurePrice>5.86</UnitOfMeasurePrice>
      <AllowDiscount>1</AllowDiscount>
      <ItemStatus>1</ItemStatus>
    </Item>
    <Item>
      <PriceUpdateDate>2025-10-26 17:07</PriceUpdateDate>
      <ItemCode>4823077649158</ItemCode>
      <ItemType>1</ItemType>
      <ItemName>מתנה מס 4 רושן 388 גר</ItemName>
      <ManufacturerName>לא ידוע</ManufacturerName>
      <ManufactureCountry>UA</ManufactureCountry>
      <ManufacturerItemDescription>מתנה מס 4 רושן 388 ג</ManufacturerItemDescription>
      <UnitQty>גרמים</UnitQty>
      <Quantity>388.00</Quantity>
      <bIsWeighted>0</bIsWeighted>
      <UnitOfMeasure>100 גרם</UnitOfMeasure>
      <QtyInPackage>1</QtyInPackage>
      <ItemPrice>34.90</ItemPrice>
      <UnitOfMeasurePrice>8.99</UnitOfMeasurePrice>
      <AllowDiscount>1</AllowDiscount>
      <ItemStatus>1</ItemStatus>
    </Item>
    <Item>
      <PriceUpdateDate>2025-10-26 17:07</PriceUpdateDate>
      <ItemCode>4823077649219</ItemCode>
      <ItemType>1</ItemType>
      <ItemName>מתנה מס 8 רושן 561 גר</ItemName>
      <ManufacturerName>לא ידוע</ManufacturerName>
      <ManufactureCountry>UA</ManufactureCountry>
      <ManufacturerItemDescription>מתנה מס 8 רושן 561 ג</ManufacturerItemDescription>
      <UnitQty>גרמים</UnitQty>
      <Quantity>561.00</Quantity>
      <bIsWeighted>0</bIsWeighted>
      <UnitOfMeasure>100 גרם</UnitOfMeasure>
      <QtyInPackage>1</QtyInPackage>
      <ItemPrice>59.90</ItemPrice>
      <UnitOfMeasurePrice>10.68</UnitOfMeasurePrice>
      <AllowDiscount>1</AllowDiscount>
      <ItemStatus>1</ItemStatus>
    </Item>
    <Item>
      <PriceUpdateDate>2023-07-03 19:46</PriceUpdateDate>
      <ItemCode>4823092701060</ItemCode>
      <ItemType>1</ItemType>
      <ItemName>חלבה חמניות עם פרוקטוזה 200 גרם</ItemName>
      <ManufacturerName>לא ידוע</ManufacturerName>
      <ManufactureCountry>לא ידוע</ManufactureCountry>
      <ManufacturerItemDescription>חלבה חמניות עם פרוקט</ManufacturerItemDescription>
      <UnitQty>גרמים</UnitQty>
      <Quantity>200.00</Quantity>
      <bIsWeighted>0</bIsWeighted>
      <UnitOfMeasure>100 גרם</UnitOfMeasure>
      <QtyInPackage>1</QtyInPackage>
      <ItemPrice>7.90</ItemPrice>
      <UnitOfMeasurePrice>3.95</UnitOfMeasurePrice>
      <AllowDiscount>1</AllowDiscount>
      <ItemStatus>1</ItemStatus>
    </Item>
    <Item>
      <PriceUpdateDate>2025-10-25 23:00</PriceUpdateDate>
      <ItemCode>4823105818785</ItemCode>
      <ItemType>1</ItemType>
      <ItemName>מארז ממתקים ענק לקריסמיס (רכבת)  750 ג</ItemName>
      <ManufacturerName>לא ידוע</ManufacturerName>
      <ManufactureCountry>UA</ManufactureCountry>
      <ManufacturerItemDescription>מארז ממתקים ענק לקרי</ManufacturerItemDescription>
      <UnitQty>גרמים</UnitQty>
      <Quantity>750.00</Quantity>
      <bIsWeighted>0</bIsWeighted>
      <UnitOfMeasure>100 גרם</UnitOfMeasure>
      <QtyInPackage>1</QtyInPackage>
      <ItemPrice>121.90</ItemPrice>
      <UnitOfMeasurePrice>16.25</UnitOfMeasurePrice>
      <AllowDiscount>1</AllowDiscount>
      <ItemStatus>1</ItemStatus>
    </Item>
    <Item>
      <PriceUpdateDate>2025-10-25 23:00</PriceUpdateDate>
      <ItemCode>4823105818839</ItemCode>
      <ItemType>1</ItemType>
      <ItemName>ABK-מארז מתנה פעמון לקריסמיס מס 1 200 ג</ItemName>
      <ManufacturerName>לא ידוע</ManufacturerName>
      <ManufactureCountry>UA</ManufactureCountry>
      <ManufacturerItemDescription>ABK-מארז מתנה פעמון </ManufacturerItemDescription>
      <UnitQty>גרמים</UnitQty>
      <Quantity>200.00</Quantity>
      <bIsWeighted>0</bIsWeighted>
      <UnitOfMeasure>100 גרם</UnitOfMeasure>
      <QtyInPackage>1</QtyInPackage>
      <ItemPrice>42.90</ItemPrice>
      <UnitOfMeasurePrice>21.45</UnitOfMeasurePrice>
      <AllowDiscount>1</AllowDiscount>
      <ItemStatus>1</ItemStatus>
    </Item>
    <Item>
      <PriceUpdateDate>2025-02-16 16:32</PriceUpdateDate>
      <ItemCode>48327203513</ItemCode>
      <ItemType>1</ItemType>
      <ItemName>שמן זית כתית מעולה 750 מ"ל YBARRA</ItemName>
      <ManufacturerName>לא ידוע</ManufacturerName>
      <ManufactureCountry>ES</ManufactureCountry>
      <ManufacturerItemDescription>שמן זית כתית מעולה 7</ManufacturerItemDescription>
      <UnitQty>מיליליטרים</UnitQty>
      <Quantity>750.00</Quantity>
      <bIsWeighted>0</bIsWeighted>
      <UnitOfMeasure>100 מ"ל</UnitOfMeasure>
      <QtyInPackage>1</QtyInPackage>
      <ItemPrice>44.90</ItemPrice>
      <UnitOfMeasurePrice>5.99</UnitOfMeasurePrice>
      <AllowDiscount>1</AllowDiscount>
      <ItemStatus>1</ItemStatus>
    </Item>
    <Item>
      <PriceUpdateDate>2023-01-03 23:29</PriceUpdateDate>
      <ItemCode>4840008012812</ItemCode>
      <ItemType>1</ItemType>
      <ItemName>לחם שיפון בורוינסקי 450 גרם</ItemName>
      <ManufacturerName>לא ידוע</ManufacturerName>
      <ManufactureCountry />
      <ManufacturerItemDescription>לחם שיפון בורוינסקי </ManufacturerItemDescription>
      <UnitQty>גרמים</UnitQty>
      <Quantity>450.00</Quantity>
      <bIsWeighted>0</bIsWeighted>
      <UnitOfMeasure>100 גרם</UnitOfMeasure>
      <QtyInPackage>1</QtyInPackage>
      <ItemPrice>12.90</ItemPrice>
      <UnitOfMeasurePrice>2.87</UnitOfMeasurePrice>
      <AllowDiscount>1</AllowDiscount>
      <ItemStatus>1</ItemStatus>
    </Item>
    <Item>
      <PriceUpdateDate>2025-03-11 08:15</PriceUpdateDate>
      <ItemCode>4840008019521</ItemCode>
      <ItemType>1</ItemType>
      <ItemName>עוגיות בצק עלים לבבות דקל פרנצלוטה 350 ג</ItemName>
      <ManufacturerName>לא ידוע</ManufacturerName>
      <ManufactureCountry>לא ידוע</ManufactureCountry>
      <ManufacturerItemDescription>עוגיות בצק עלים לבבו</ManufacturerItemDescription>
      <UnitQty>גרמים</UnitQty>
      <Quantity>350.00</Quantity>
      <bIsWeighted>0</bIsWeighted>
      <UnitOfMeasure>100 גרם</UnitOfMeasure>
      <QtyInPackage>1</QtyInPackage>
      <ItemPrice>20.90</ItemPrice>
      <UnitOfMeasurePrice>5.97</UnitOfMeasurePrice>
      <AllowDiscount>1</AllowDiscount>
      <ItemStatus>1</ItemStatus>
    </Item>
    <Item>
      <PriceUpdateDate>2025-03-25 07:06</PriceUpdateDate>
      <ItemCode>4840095003090</ItemCode>
      <ItemType>1</ItemType>
      <ItemName>מרמלד דולקי תפוז לימון 350 גר BUCURIA</ItemName>
      <ManufacturerName>לא ידוע</ManufacturerName>
      <ManufactureCountry>מולדובה</ManufactureCountry>
      <ManufacturerItemDescription>מרמלד דולקי תפוז לימ</ManufacturerItemDescription>
      <UnitQty>גרמים</UnitQty>
      <Quantity>350.00</Quantity>
      <bIsWeighted>0</bIsWeighted>
      <UnitOfMeasure>100 גרם</UnitOfMeasure>
      <QtyInPackage>1</QtyInPackage>
      <ItemPrice>20.50</ItemPrice>
      <UnitOfMeasurePrice>5.86</UnitOfMeasurePrice>
      <AllowDiscount>1</AllowDiscount>
      <ItemStatus>1</ItemStatus>
    </Item>
    <Item>
      <PriceUpdateDate>2025-03-20 09:58</PriceUpdateDate>
      <ItemCode>4860019001346</ItemCode>
      <ItemType>1</ItemType>
      <ItemName>מים מינרלים בורגומי מוגז 500 מ"ל</ItemName>
      <ManufacturerName>לא ידוע</ManufacturerName>
      <ManufactureCountry>לא ידוע</ManufactureCountry>
      <ManufacturerItemDescription>מים מינרלים בורגומי </ManufacturerItemDescription>
      <UnitQty>מיליליטרים</UnitQty>
      <Quantity>500.00</Quantity>
      <bIsWeighted>0</bIsWeighted>
      <UnitOfMeasure>100 מ"ל</UnitOfMeasure>
      <QtyInPackage>1</QtyInPackage>
      <ItemPrice>10.90</ItemPrice>
      <UnitOfMeasurePrice>2.18</UnitOfMeasurePrice>
      <AllowDiscount>1</AllowDiscount>
      <ItemStatus>1</ItemStatus>
    </Item>
    <Item>
      <PriceUpdateDate>2024-09-12 09:33</PriceUpdateDate>
      <ItemCode>4861025</ItemCode>
      <ItemType>1</ItemType>
      <ItemName>גבינה בולגרית 5%</ItemName>
      <ManufacturerName>לא ידוע</ManufacturerName>
      <ManufactureCountry>לא ידוע</ManufactureCountry>
      <ManufacturerItemDescription>גבינה בולגרית 5%    </ManufacturerItemDescription>
      <UnitQty>Unknown</UnitQty>
      <Quantity>0.00</Quantity>
      <bIsWeighted>1</bIsWeighted>
      <UnitOfMeasure>ק"ג</UnitOfMeasure>
      <QtyInPackage>0</QtyInPackage>
      <ItemPrice>67.00</ItemPrice>
      <UnitOfMeasurePrice>67.00</UnitOfMeasurePrice>
      <AllowDiscount>1</AllowDiscount>
      <ItemStatus>1</ItemStatus>
    </Item>
    <Item>
      <PriceUpdateDate>2024-12-01 14:45</PriceUpdateDate>
      <ItemCode>4861070</ItemCode>
      <ItemType>1</ItemType>
      <ItemName>צפתית קשה 5%</ItemName>
      <ManufacturerName>לא ידוע</ManufacturerName>
      <ManufactureCountry>לא ידוע</ManufactureCountry>
      <ManufacturerItemDescription>צפתית קשה 24%       </ManufacturerItemDescription>
      <UnitQty>Unknown</UnitQty>
      <Quantity>0.00</Quantity>
      <bIsWeighted>1</bIsWeighted>
      <UnitOfMeasure>ק"ג</UnitOfMeasure>
      <QtyInPackage>0</QtyInPackage>
      <ItemPrice>109.00</ItemPrice>
      <UnitOfMeasurePrice>109.00</UnitOfMeasurePrice>
      <AllowDiscount>1</AllowDiscount>
      <ItemStatus>1</ItemStatus>
    </Item>
    <Item>
      <PriceUpdateDate>2025-03-25 06:57</PriceUpdateDate>
      <ItemCode>4891130001199</ItemCode>
      <ItemType>1</ItemType>
      <ItemName>רוטב צדפות 450 גרם</ItemName>
      <ManufacturerName>לא ידוע</ManufacturerName>
      <ManufactureCountry>לא ידוע</ManufactureCountry>
      <ManufacturerItemDescription>רוטב צדפות 450 גרם  </ManufacturerItemDescription>
      <UnitQty>גרמים</UnitQty>
      <Quantity>450.00</Quantity>
      <bIsWeighted>0</bIsWeighted>
      <UnitOfMeasure>100 גרם</UnitOfMeasure>
      <QtyInPackage>1</QtyInPackage>
      <ItemPrice>23.90</ItemPrice>
      <UnitOfMeasurePrice>5.31</UnitOfMeasurePrice>
      <AllowDiscount>1</AllowDiscount>
      <ItemStatus>1</ItemStatus>
    </Item>
    <Item>
      <PriceUpdateDate>2025-03-25 06:58</PriceUpdateDate>
      <ItemCode>4891130005111</ItemCode>
      <ItemType>1</ItemType>
      <ItemName>רוטב הוייסן 360 גרם</ItemName>
      <ManufacturerName>לא ידוע</ManufacturerName>
      <ManufactureCountry />
      <ManufacturerItemDescription>רוטב הוייסן 360 גרם </ManufacturerItemDescription>
      <UnitQty>גרמים</UnitQty>
      <Quantity>360.00</Quantity>
      <bIsWeighted>0</bIsWeighted>
      <UnitOfMeasure>100 גרם</UnitOfMeasure>
      <QtyInPackage>1</QtyInPackage>
      <ItemPrice>26.90</ItemPrice>
      <UnitOfMeasurePrice>7.47</UnitOfMeasurePrice>
      <AllowDiscount>1</AllowDiscount>
      <ItemStatus>1</ItemStatus>
    </Item>
    <Item>
      <PriceUpdateDate>2025-01-30 07:57</PriceUpdateDate>
      <ItemCode>4903001904192</ItemCode>
      <ItemType>1</ItemType>
      <ItemName>רוטב סויה יאמסה פרימיום 500 מ"ל</ItemName>
      <ManufacturerName>לא ידוע</ManufacturerName>
      <ManufactureCountry>לא ידוע</ManufactureCountry>
      <ManufacturerItemDescription>רוטב סויה יאמסה 500 </ManufacturerItemDescription>
      <UnitQty>מיליליטרים</UnitQty>
      <Quantity>500.00</Quantity>
      <bIsWeighted>0</bIsWeighted>
      <UnitOfMeasure>100 מ"ל</UnitOfMeasure>
      <QtyInPackage>1</QtyInPackage>
      <ItemPrice>22.90</ItemPrice>
      <UnitOfMeasurePrice>4.58</UnitOfMeasurePrice>
      <AllowDiscount>1</AllowDiscount>
      <ItemStatus>1</ItemStatus>
    </Item>
    <Item>
      <PriceUpdateDate>2025-01-30 07:56</PriceUpdateDate>
      <ItemCode>4903001925784</ItemCode>
      <ItemType>1</ItemType>
      <ItemName>רוטב סויה יאמאסה פרמיום דל מלח 500 מ"ל</ItemName>
      <ManufacturerName>לא ידוע</ManufacturerName>
      <ManufactureCountry>לא ידוע</ManufactureCountry>
      <ManufacturerItemDescription>רוטב סויה יאמאסה פרמ</ManufacturerItemDescription>
      <UnitQty>מיליליטרים</UnitQty>
      <Quantity>500.00</Quantity>
      <bIsWeighted>0</bIsWeighted>
      <UnitOfMeasure>100 מ"ל</UnitOfMeasure>
      <QtyInPackage>1</QtyInPackage>
      <ItemPrice>22.90</ItemPrice>
      <UnitOfMeasurePrice>4.58</UnitOfMeasurePrice>
      <AllowDiscount>1</AllowDiscount>
      <ItemStatus>1</ItemStatus>
    </Item>
    <Item>
      <PriceUpdateDate>2025-09-16 12:36</PriceUpdateDate>
      <ItemCode>4903001930993</ItemCode>
      <ItemType>1</ItemType>
      <ItemName>רוטב טריאקי יאמאסה 500 מ"ל</ItemName>
      <ManufacturerName>לא ידוע</ManufacturerName>
      <ManufactureCountry>לא ידוע</ManufactureCountry>
      <ManufacturerItemDescription>רוטב טריאקי יאמאסה 5</ManufacturerItemDescription>
      <UnitQty>מיליליטרים</UnitQty>
      <Quantity>500.00</Quantity>
      <bIsWeighted>0</bIsWeighted>
      <UnitOfMeasure>100 מ"ל</UnitOfMeasure>
      <QtyInPackage>1</QtyInPackage>
      <ItemPrice>22.90</ItemPrice>
      <UnitOfMeasurePrice>4.58</UnitOfMeasurePrice>
      <AllowDiscount>1</AllowDiscount>
      <ItemStatus>1</ItemStatus>
    </Item>
    <Item>
      <PriceUpdateDate>2025-03-11 08:09</PriceUpdateDate>
      <ItemCode>4978094999219</ItemCode>
      <ItemType>1</ItemType>
      <ItemName>מחית סויה לבנה שירו מיסו 500 גרם</ItemName>
      <ManufacturerName>לא ידוע</ManufacturerName>
      <ManufactureCountry>לא ידוע</ManufactureCountry>
      <ManufacturerItemDescription>מחית סויה לבנה שירו </ManufacturerItemDescription>
      <UnitQty>גרמים</UnitQty>
      <Quantity>500.00</Quantity>
      <bIsWeighted>0</bIsWeighted>
      <UnitOfMeasure>100 גרם</UnitOfMeasure>
      <QtyInPackage>1</QtyInPackage>
      <ItemPrice>25.90</ItemPrice>
      <UnitOfMeasurePrice>5.18</UnitOfMeasurePrice>
      <AllowDiscount>1</AllowDiscount>
      <ItemStatus>1</ItemStatus>
    </Item>
    <Item>
      <PriceUpdateDate>2025-01-14 08:26</PriceUpdateDate>
      <ItemCode>4982393</ItemCode>
      <ItemType>1</ItemType>
      <ItemName>ברס בלו במשקל</ItemName>
      <ManufacturerName>לא ידוע</ManufacturerName>
      <ManufactureCountry>לא ידוע</ManufactureCountry>
      <ManufacturerItemDescription>ברס בלו במשקל       </ManufacturerItemDescription>
      <UnitQty>Unknown</UnitQty>
      <Quantity>0.00</Quantity>
      <bIsWeighted>1</bIsWeighted>
      <UnitOfMeasure>ק"ג</UnitOfMeasure>
      <QtyInPackage>0</QtyInPackage>
      <ItemPrice>259.00</ItemPrice>
      <UnitOfMeasurePrice>259.00</UnitOfMeasurePrice>
      <AllowDiscount>1</AllowDiscount>
      <ItemStatus>1</ItemStatus>
    </Item>
    <Item>
      <PriceUpdateDate>2023-06-20 09:09</PriceUpdateDate>
      <ItemCode>50000032648</ItemCode>
      <ItemType>1</ItemType>
      <ItemName>פנסי פיסט נתחי בשר ועוף</ItemName>
      <ManufacturerName>לא ידוע</ManufacturerName>
      <ManufactureCountry>לא ידוע</ManufactureCountry>
      <ManufacturerItemDescription>פנסי פיסט נתחי בשר ו</ManufacturerItemDescription>
      <UnitQty>Unknown</UnitQty>
      <Quantity>0.00</Quantity>
      <bIsWeighted>0</bIsWeighted>
      <UnitOfMeasure>Unknown</UnitOfMeasure>
      <QtyInPackage>1</QtyInPackage>
      <ItemPrice>6.30</ItemPrice>
      <UnitOfMeasurePrice>6.30</UnitOfMeasurePrice>
      <AllowDiscount>1</AllowDiscount>
      <ItemStatus>1</ItemStatus>
    </Item>
    <Item>
      <PriceUpdateDate>2023-06-20 09:11</PriceUpdateDate>
      <ItemCode>50000040803</ItemCode>
      <ItemType>1</ItemType>
      <ItemName>פנסי פיסט גריל עוף</ItemName>
      <ManufacturerName>לא ידוע</ManufacturerName>
      <ManufactureCountry>לא ידוע</ManufactureCountry>
      <ManufacturerItemDescription>פנסי פיסט גריל עוף  </ManufacturerItemDescription>
      <UnitQty>Unknown</UnitQty>
      <Quantity>0.00</Quantity>
      <bIsWeighted>0</bIsWeighted>
      <UnitOfMeasure>Unknown</UnitOfMeasure>
      <QtyInPackage>1</QtyInPackage>
      <ItemPrice>6.30</ItemPrice>
      <UnitOfMeasurePrice>6.30</UnitOfMeasurePrice>
      <AllowDiscount>1</AllowDiscount>
      <ItemStatus>1</ItemStatus>
    </Item>
    <Item>
      <PriceUpdateDate>2022-11-15 15:29</PriceUpdateDate>
      <ItemCode>50000051472</ItemCode>
      <ItemType>1</ItemType>
      <ItemName>פריסקיז גורמה 1.43 ק"ג</ItemName>
      <ManufacturerName>לא ידוע</ManufacturerName>
      <ManufactureCountry>לא ידוע</ManufactureCountry>
      <ManufacturerItemDescription>פריסקיז מעדני הבית 1</ManufacturerItemDescription>
      <UnitQty>קילוגרמים</UnitQty>
      <Quantity>0.00</Quantity>
      <bIsWeighted>0</bIsWeighted>
      <UnitOfMeasure>ק"ג</UnitOfMeasure>
      <QtyInPackage>1</QtyInPackage>
      <ItemPrice>35.90</ItemPrice>
      <UnitOfMeasurePrice>35.90</UnitOfMeasurePrice>
      <AllowDiscount>1</AllowDiscount>
      <ItemStatus>1</ItemStatus>
    </Item>
    <Item>
      <PriceUpdateDate>2023-06-20 09:11</PriceUpdateDate>
      <ItemCode>50000084500</ItemCode>
      <ItemType>1</ItemType>
      <ItemName>פריסקיז מעדני השף 1.43 גרם</ItemName>
      <ManufacturerName>לא ידוע</ManufacturerName>
      <ManufactureCountry>לא ידוע</ManufactureCountry>
      <ManufacturerItemDescription>פריסקיז נתחי ברביקיו</ManufacturerItemDescription>
      <UnitQty>קילוגרמים</UnitQty>
      <Quantity>0.00</Quantity>
      <bIsWeighted>0</bIsWeighted>
      <UnitOfMeasure>ק"ג</UnitOfMeasure>
      <QtyInPackage>1</QtyInPackage>
      <ItemPrice>37.90</ItemPrice>
      <UnitOfMeasurePrice>37.90</UnitOfMeasurePrice>
      <AllowDiscount>1</AllowDiscount>
      <ItemStatus>1</ItemStatus>
    </Item>
    <Item>
      <PriceUpdateDate>2023-06-20 09:06</PriceUpdateDate>
      <ItemCode>50000168583</ItemCode>
      <ItemType>1</ItemType>
      <ItemName>פריסקיז אקסטרא קראנץ</ItemName>
      <ManufacturerName>לא ידוע</ManufacturerName>
      <ManufactureCountry>לא ידוע</ManufactureCountry>
      <ManufacturerItemDescription>פריסקיז אקסטרא קראנץ</ManufacturerItemDescription>
      <UnitQty>Unknown</UnitQty>
      <Quantity>1.00</Quantity>
      <bIsWeighted>0</bIsWeighted>
      <UnitOfMeasure>Unknown</UnitOfMeasure>
      <QtyInPackage>1</QtyInPackage>
      <ItemPrice>37.90</ItemPrice>
      <UnitOfMeasurePrice>37.90</UnitOfMeasurePrice>
      <AllowDiscount>1</AllowDiscount>
      <ItemStatus>1</ItemStatus>
    </Item>
    <Item>
      <PriceUpdateDate>2023-06-20 09:09</PriceUpdateDate>
      <ItemCode>50000225224</ItemCode>
      <ItemType>1</ItemType>
      <ItemName>פריסקיז פריים פילה הודו ברוטב 156 גר</ItemName>
      <ManufacturerName>לא ידוע</ManufacturerName>
      <ManufactureCountry>לא ידוע</ManufactureCountry>
      <ManufacturerItemDescription>פריסקיז פריים פילה ה</ManufacturerItemDescription>
      <UnitQty>גרמים</UnitQty>
      <Quantity>156.00</Quantity>
      <bIsWeighted>0</bIsWeighted>
      <UnitOfMeasure>100 גרם</UnitOfMeasure>
      <QtyInPackage>1</QtyInPackage>
      <ItemPrice>7.30</ItemPrice>
      <UnitOfMeasurePrice>4.68</UnitOfMeasurePrice>
      <AllowDiscount>1</AllowDiscount>
      <ItemStatus>1</ItemStatus>
    </Item>
    <Item>
      <PriceUpdateDate>2023-06-11 14:56</PriceUpdateDate>
      <ItemCode>50000426447</ItemCode>
      <ItemType>1</ItemType>
      <ItemName>פנסי פיסט נתחי הודו</ItemName>
      <ManufacturerName>לא ידוע</ManufacturerName>
      <ManufactureCountry>לא ידוע</ManufactureCountry>
      <ManufacturerItemDescription>פנסי פיסט נתחי הודו </ManufacturerItemDescription>
      <UnitQty>גרמים</UnitQty>
      <Quantity>85.00</Quantity>
      <bIsWeighted>0</bIsWeighted>
      <UnitOfMeasure>100 גרם</UnitOfMeasure>
      <QtyInPackage>1</QtyInPackage>
      <ItemPrice>6.30</ItemPrice>
      <UnitOfMeasurePrice>7.41</UnitOfMeasurePrice>
      <AllowDiscount>1</AllowDiscount>
      <ItemStatus>1</ItemStatus>
    </Item>
    <Item>
      <PriceUpdateDate>2023-06-11 14:56</PriceUpdateDate>
      <ItemCode>50000429042</ItemCode>
      <ItemType>1</ItemType>
      <ItemName>פינסי פיטס כבד מעדן ועוף 85 גר</ItemName>
      <ManufacturerName>לא ידוע</ManufacturerName>
      <ManufactureCountry>לא ידוע</ManufactureCountry>
      <ManufacturerItemDescription>פינסי פיטס כבד מעדן </ManufacturerItemDescription>
      <UnitQty>גרמים</UnitQty>
      <Quantity>85.00</Quantity>
      <bIsWeighted>0</bIsWeighted>
      <UnitOfMeasure>100 גרם</UnitOfMeasure>
      <QtyInPackage>1</QtyInPackage>
      <ItemPrice>6.30</ItemPrice>
      <UnitOfMeasurePrice>7.41</UnitOfMeasurePrice>
      <AllowDiscount>1</AllowDiscount>
      <ItemStatus>1</ItemStatus>
    </Item>
    <Item>
      <PriceUpdateDate>2023-06-11 14:56</PriceUpdateDate>
      <ItemCode>50000429448</ItemCode>
      <ItemType>1</ItemType>
      <ItemName>פנסי פיסט פטה מוס סלמון</ItemName>
      <ManufacturerName>לא ידוע</ManufacturerName>
      <ManufactureCountry>לא ידוע</ManufactureCountry>
      <ManufacturerItemDescription>פנסי פיסט מוס סלומון</ManufacturerItemDescription>
      <UnitQty>גרמים</UnitQty>
      <Quantity>85.00</Quantity>
      <bIsWeighted>0</bIsWeighted>
      <UnitOfMeasure>100 גרם</UnitOfMeasure>
      <QtyInPackage>1</QtyInPackage>
      <ItemPrice>6.30</ItemPrice>
      <UnitOfMeasurePrice>7.41</UnitOfMeasurePrice>
      <AllowDiscount>1</AllowDiscount>
      <ItemStatus>1</ItemStatus>
    </Item>
    <Item>
      <PriceUpdateDate>2023-06-20 09:12</PriceUpdateDate>
      <ItemCode>5000054355700</ItemCode>
      <ItemType>1</ItemType>
      <ItemName>פריסקיז פטה הודו 156</ItemName>
      <ManufacturerName>לא ידוע</ManufacturerName>
      <ManufactureCountry>לא ידוע</ManufactureCountry>
      <ManufacturerItemDescription>פריסקיז פטה הודו 156</ManufacturerItemDescription>
      <UnitQty>Unknown</UnitQty>
      <Quantity>0.00</Quantity>
      <bIsWeighted>0</bIsWeighted>
      <UnitOfMeasure>Unknown</UnitOfMeasure>
      <QtyInPackage>1</QtyInPackage>
      <ItemPrice>7.30</ItemPrice>
      <UnitOfMeasurePrice>7.30</UnitOfMeasurePrice>
      <AllowDiscount>1</AllowDiscount>
      <ItemStatus>1</ItemStatus>
    </Item>
    <Item>
      <PriceUpdateDate>2023-06-20 09:07</PriceUpdateDate>
      <ItemCode>5000054359500</ItemCode>
      <ItemType>1</ItemType>
      <ItemName>פריסקיז פטה כבד ועוף</ItemName>
      <ManufacturerName>לא ידוע</ManufacturerName>
      <ManufactureCountry>לא ידוע</ManufactureCountry>
      <ManufacturerItemDescription>פריסקיז פטה כבד ועוף</ManufacturerItemDescription>
      <UnitQty>Unknown</UnitQty>
      <Quantity>0.00</Quantity>
      <bIsWeighted>0</bIsWeighted>
      <UnitOfMeasure>Unknown</UnitOfMeasure>
      <QtyInPackage>1</QtyInPackage>
      <ItemPrice>7.30</ItemPrice>
      <UnitOfMeasurePrice>7.30</UnitOfMeasurePrice>
      <AllowDiscount>1</AllowDiscount>
      <ItemStatus>1</ItemStatus>
    </Item>
    <Item>
      <PriceUpdateDate>2024-11-25 13:29</PriceUpdateDate>
      <ItemCode>5000108478119</ItemCode>
      <ItemType>1</ItemType>
      <ItemName>קוואקר 500 גרם</ItemName>
      <ManufacturerName>לא ידוע</ManufacturerName>
      <ManufactureCountry>לא ידוע</ManufactureCountry>
      <ManufacturerItemDescription>קוואקר 500 גרם      </ManufacturerItemDescription>
      <UnitQty>גרמים</UnitQty>
      <Quantity>500.00</Quantity>
      <bIsWeighted>0</bIsWeighted>
      <UnitOfMeasure>100 גרם</UnitOfMeasure>
      <QtyInPackage>1</QtyInPackage>
      <ItemPrice>14.50</ItemPrice>
      <UnitOfMeasurePrice>2.90</UnitOfMeasurePrice>
      <AllowDiscount>1</AllowDiscount>
      <ItemStatus>1</ItemStatus>
    </Item>
    <Item>
      <PriceUpdateDate>2024-10-09 17:16</PriceUpdateDate>
      <ItemCode>5000157143365</ItemCode>
      <ItemType>1</ItemType>
      <ItemName>מתבל בטעם מיונז וקטשופ 425 מ"ל</ItemName>
      <ManufacturerName>לא ידוע</ManufacturerName>
      <ManufactureCountry>פולין</ManufactureCountry>
      <ManufacturerItemDescription>מתבל בטעם מיונז וקטש</ManufacturerItemDescription>
      <UnitQty>מיליליטרים</UnitQty>
      <Quantity>425.00</Quantity>
      <bIsWeighted>0</bIsWeighted>
      <UnitOfMeasure>100 מ"ל</UnitOfMeasure>
      <QtyInPackage>1</QtyInPackage>
      <ItemPrice>19.90</ItemPrice>
      <UnitOfMeasurePrice>4.68</UnitOfMeasurePrice>
      <AllowDiscount>1</AllowDiscount>
      <ItemStatus>1</ItemStatus>
    </Item>
    <Item>
      <PriceUpdateDate>2025-05-23 08:04</PriceUpdateDate>
      <ItemCode>5000159376655</ItemCode>
      <ItemType>1</ItemType>
      <ItemName>סקיטלס פירות 38 גרם</ItemName>
      <ManufacturerName>לא ידוע</ManufacturerName>
      <ManufactureCountry>לא ידוע</ManufactureCountry>
      <ManufacturerItemDescription>סקיטלס פירות 38 גרם </ManufacturerItemDescription>
      <UnitQty>גרמים</UnitQty>
      <Quantity>38.00</Quantity>
      <bIsWeighted>0</bIsWeighted>
      <UnitOfMeasure>100 גרם</UnitOfMeasure>
      <QtyInPackage>1</QtyInPackage>
      <ItemPrice>5.90</ItemPrice>
      <UnitOfMeasurePrice>15.53</UnitOfMeasurePrice>
      <AllowDiscount>1</AllowDiscount>
      <ItemStatus>1</ItemStatus>
    </Item>
    <Item>
      <PriceUpdateDate>2025-05-23 08:04</PriceUpdateDate>
      <ItemCode>5000159376792</ItemCode>
      <ItemType>1</ItemType>
      <ItemName>סקיטלס חמוץ 38 גרם</ItemName>
      <ManufacturerName>לא ידוע</ManufacturerName>
      <ManufactureCountry>לא ידוע</ManufactureCountry>
      <ManufacturerItemDescription>סקיטלס חמוץ 38 גרם  </ManufacturerItemDescription>
      <UnitQty>גרמים</UnitQty>
      <Quantity>38.00</Quantity>
      <bIsWeighted>0</bIsWeighted>
      <UnitOfMeasure>100 גרם</UnitOfMeasure>
      <QtyInPackage>1</QtyInPackage>
      <ItemPrice>5.90</ItemPrice>
      <UnitOfMeasurePrice>15.53</UnitOfMeasurePrice>
      <AllowDiscount>1</AllowDiscount>
      <ItemStatus>1</ItemStatus>
    </Item>
    <Item>
      <PriceUpdateDate>2025-12-02 08:57</PriceUpdateDate>
      <ItemCode>5000159555715</ItemCode>
      <ItemType>1</ItemType>
      <ItemName>מלטיזרס 37 גרם</ItemName>
      <ManufacturerName>לא ידוע</ManufacturerName>
      <ManufactureCountry>הולנד</ManufactureCountry>
      <ManufacturerItemDescription>מלטיזרס 37 גרם      </ManufacturerItemDescription>
      <UnitQty>גרמים</UnitQty>
      <Quantity>37.00</Quantity>
      <bIsWeighted>0</bIsWeighted>
      <UnitOfMeasure>100 גרם</UnitOfMeasure>
      <QtyInPackage>1</QtyInPackage>
      <ItemPrice>6.90</ItemPrice>
      <UnitOfMeasurePrice>18.65</UnitOfMeasurePrice>
      <AllowDiscount>1</AllowDiscount>
      <ItemStatus>1</ItemStatus>
    </Item>
    <Item>
      <PriceUpdateDate>2025-12-02 08:55</PriceUpdateDate>
      <ItemCode>5000159561686</ItemCode>
      <ItemType>1</ItemType>
      <ItemName>אם אנד אם קריספי 187 גרם</ItemName>
      <ManufacturerName>לא ידוע</ManufacturerName>
      <ManufactureCountry>FR</ManufactureCountry>
      <ManufacturerItemDescription>אם אנד אם קריספי 187</ManufacturerItemDescription>
      <UnitQty>גרמים</UnitQty>
      <Quantity>187.00</Quantity>
      <bIsWeighted>0</bIsWeighted>
      <UnitOfMeasure>100 גרם</UnitOfMeasure>
      <QtyInPackage>1</QtyInPackage>
      <ItemPrice>23.90</ItemPrice>
      <UnitOfMeasurePrice>12.78</UnitOfMeasurePrice>
      <AllowDiscount>1</AllowDiscount>
      <ItemStatus>1</ItemStatus>
    </Item>
    <Item>
      <PriceUpdateDate>2024-05-19 11:08</PriceUpdateDate>
      <ItemCode>5000213014905</ItemCode>
      <ItemType>1</ItemType>
      <ItemName>בירה גינס 440 מל פחית</ItemName>
      <ManufacturerName>לא ידוע</ManufacturerName>
      <ManufactureCountry>לא ידוע</ManufactureCountry>
      <ManufacturerItemDescription>בירה גינס 440 מ"ל פח</ManufacturerItemDescription>
      <UnitQty>מיליליטרים</UnitQty>
      <Quantity>440.00</Quantity>
      <bIsWeighted>0</bIsWeighted>
      <UnitOfMeasure>100 מ"ל</UnitOfMeasure>
      <QtyInPackage>1</QtyInPackage>
      <ItemPrice>19.90</ItemPrice>
      <UnitOfMeasurePrice>4.52</UnitOfMeasurePrice>
      <AllowDiscount>1</AllowDiscount>
      <ItemStatus>1</ItemStatus>
    </Item>
    <Item>
      <PriceUpdateDate>2025-03-25 07:09</PriceUpdateDate>
      <ItemCode>5000232902450</ItemCode>
      <ItemType>1</ItemType>
      <ItemName>שעועית אפויה 420 גר HP</ItemName>
      <ManufacturerName>לא ידוע</ManufacturerName>
      <ManufactureCountry>לא ידוע</ManufactureCountry>
      <ManufacturerItemDescription>שעועית אפויה 420 גר </ManufacturerItemDescription>
      <UnitQty>גרמים</UnitQty>
      <Quantity>420.00</Quantity>
      <bIsWeighted>0</bIsWeighted>
      <UnitOfMeasure>100 גרם</UnitOfMeasure>
      <QtyInPackage>1</QtyInPackage>
      <ItemPrice>19.90</ItemPrice>
      <UnitOfMeasurePrice>4.74</UnitOfMeasurePrice>
      <AllowDiscount>1</AllowDiscount>
      <ItemStatus>1</ItemStatus>
    </Item>
    <Item>
      <PriceUpdateDate>2024-09-04 12:01</PriceUpdateDate>
      <ItemCode>5000267014203</ItemCode>
      <ItemType>1</ItemType>
      <ItemName>גוני ווקר אדום 700 מ"ל</ItemName>
      <ManufacturerName>לא ידוע</ManufacturerName>
      <ManufactureCountry>לא ידוע</ManufactureCountry>
      <ManufacturerItemDescription>גוני ווקר אדום 700 מ</ManufacturerItemDescription>
      <UnitQty>מיליליטרים</UnitQty>
      <Quantity>700.00</Quantity>
      <bIsWeighted>0</bIsWeighted>
      <UnitOfMeasure>100 מ"ל</UnitOfMeasure>
      <QtyInPackage>1</QtyInPackage>
      <ItemPrice>99.90</ItemPrice>
      <UnitOfMeasurePrice>14.27</UnitOfMeasurePrice>
      <AllowDiscount>1</AllowDiscount>
      <ItemStatus>1</ItemStatus>
    </Item>
    <Item>
      <PriceUpdateDate>2025-09-05 09:13</PriceUpdateDate>
      <ItemCode>5000267024202</ItemCode>
      <ItemType>1</ItemType>
      <ItemName>גוני ווקר שחור 700 מל</ItemName>
      <ManufacturerName>לא ידוע</ManufacturerName>
      <ManufactureCountry>לא ידוע</ManufactureCountry>
      <ManufacturerItemDescription>גוני ווקר שחור 700 מ</ManufacturerItemDescription>
      <UnitQty>מיליליטרים</UnitQty>
      <Quantity>700.00</Quantity>
      <bIsWeighted>0</bIsWeighted>
      <UnitOfMeasure>100 מ"ל</UnitOfMeasure>
      <QtyInPackage>1</QtyInPackage>
      <ItemPrice>139.90</ItemPrice>
      <UnitOfMeasurePrice>19.99</UnitOfMeasurePrice>
      <AllowDiscount>1</AllowDiscount>
      <ItemStatus>1</ItemStatus>
    </Item>
    <Item>
      <PriceUpdateDate>2025-03-11 08:29</PriceUpdateDate>
      <ItemCode>5000289925440</ItemCode>
      <ItemType>1</ItemType>
      <ItemName>גין גורדון 700 מ"ל</ItemName>
      <ManufacturerName>לא ידוע</ManufacturerName>
      <ManufactureCountry>לא ידוע</ManufactureCountry>
      <ManufacturerItemDescription>גין גורדון 700 מ"ל  </ManufacturerItemDescription>
      <UnitQty>מיליליטרים</UnitQty>
      <Quantity>700.00</Quantity>
      <bIsWeighted>0</bIsWeighted>
      <UnitOfMeasure>100 מ"ל</UnitOfMeasure>
      <QtyInPackage>1</QtyInPackage>
      <ItemPrice>104.90</ItemPrice>
      <UnitOfMeasurePrice>14.99</UnitOfMeasurePrice>
      <AllowDiscount>1</AllowDiscount>
      <ItemStatus>1</ItemStatus>
    </Item>
    <Item>
      <PriceUpdateDate>2025-04-02 23:00</PriceUpdateDate>
      <ItemCode>5000394002272</ItemCode>
      <ItemType>1</ItemType>
      <ItemName>AA דורסל סימפלי סוללות שמינייה</ItemName>
      <ManufacturerName>לא ידוע</ManufacturerName>
      <ManufactureCountry>בלגיה</ManufactureCountry>
      <ManufacturerItemDescription>AA דורסל סימפלי סולל</ManufacturerItemDescription>
      <UnitQty>גרמים</UnitQty>
      <Quantity>202.00</Quantity>
      <bIsWeighted>0</bIsWeighted>
      <UnitOfMeasure>100 גרם</UnitOfMeasure>
      <QtyInPackage>1</QtyInPackage>
      <ItemPrice>29.90</ItemPrice>
      <UnitOfMeasurePrice>14.80</UnitOfMeasurePrice>
      <AllowDiscount>1</AllowDiscount>
      <ItemStatus>1</ItemStatus>
    </Item>
    <Item>
      <PriceUpdateDate>2025-08-24 15:54</PriceUpdateDate>
      <ItemCode>5000396021202</ItemCode>
      <ItemType>1</ItemType>
      <ItemName>קרקר ריץ 200 גר</ItemName>
      <ManufacturerName>לא ידוע</ManufacturerName>
      <ManufactureCountry>IT</ManufactureCountry>
      <ManufacturerItemDescription>קרקר ריץ 200 גר     </ManufacturerItemDescription>
      <UnitQty>גרמים</UnitQty>
      <Quantity>200.00</Quantity>
      <bIsWeighted>0</bIsWeighted>
      <UnitOfMeasure>100 גרם</UnitOfMeasure>
      <QtyInPackage>1</QtyInPackage>
      <ItemPrice>14.90</ItemPrice>
      <UnitOfMeasurePrice>7.45</UnitOfMeasurePrice>
      <AllowDiscount>1</AllowDiscount>
      <ItemStatus>1</ItemStatus>
    </Item>
    <Item>
      <PriceUpdateDate>2025-03-25 07:06</PriceUpdateDate>
      <ItemCode>5000396037548</ItemCode>
      <ItemType>1</ItemType>
      <ItemName>מקוויטיס ביסקוויט מצופה שוקולד מריר 200</ItemName>
      <ManufacturerName>לא ידוע</ManufacturerName>
      <ManufactureCountry>לא ידוע</ManufactureCountry>
      <ManufacturerItemDescription>מקוויטיס ביסקוויט מצ</ManufacturerItemDescription>
      <UnitQty>גרמים</UnitQty>
      <Quantity>200.00</Quantity>
      <bIsWeighted>0</bIsWeighted>
      <UnitOfMeasure>100 גרם</UnitOfMeasure>
      <QtyInPackage>1</QtyInPackage>
      <ItemPrice>16.50</ItemPrice>
      <UnitOfMeasurePrice>8.25</UnitOfMeasurePrice>
      <AllowDiscount>1</AllowDiscount>
      <ItemStatus>1</ItemStatus>
    </Item>
    <Item>
      <PriceUpdateDate>2025-02-27 10:01</PriceUpdateDate>
      <ItemCode>5010026515919</ItemCode>
      <ItemType>1</ItemType>
      <ItemName>מורנפלייק נאטי 650 ג</ItemName>
      <ManufacturerName>לא ידוע</ManufacturerName>
      <ManufactureCountry>אנגליה</ManufactureCountry>
      <ManufacturerItemDescription>מוזלי קריספי תערובת </ManufacturerItemDescription>
      <UnitQty>גרמים</UnitQty>
      <Quantity>650.00</Quantity>
      <bIsWeighted>0</bIsWeighted>
      <UnitOfMeasure>100 גרם</UnitOfMeasure>
      <QtyInPackage>1</QtyInPackage>
      <ItemPrice>38.90</ItemPrice>
      <UnitOfMeasurePrice>5.98</UnitOfMeasurePrice>
      <AllowDiscount>1</AllowDiscount>
      <ItemStatus>1</ItemStatus>
    </Item>
    <Item>
      <PriceUpdateDate>2024-11-28 23:00</PriceUpdateDate>
      <ItemCode>5010029000061</ItemCode>
      <ItemType>1</ItemType>
      <ItemName>דגני בוקר וויטביקס מחיטה מלאה 430 גר</ItemName>
      <ManufacturerName>לא ידוע</ManufacturerName>
      <ManufactureCountry>אנגליה</ManufactureCountry>
      <ManufacturerItemDescription>דגני בוקר וויטביקס מ</ManufacturerItemDescription>
      <UnitQty>גרמים</UnitQty>
      <Quantity>430.00</Quantity>
      <bIsWeighted>0</bIsWeighted>
      <UnitOfMeasure>100 גרם</UnitOfMeasure>
      <QtyInPackage>1</QtyInPackage>
      <ItemPrice>28.90</ItemPrice>
      <UnitOfMeasurePrice>6.72</UnitOfMeasurePrice>
      <AllowDiscount>1</AllowDiscount>
      <ItemStatus>1</ItemStatus>
    </Item>
    <Item>
      <PriceUpdateDate>2025-03-25 07:07</PriceUpdateDate>
      <ItemCode>5010029227062</ItemCode>
      <ItemType>1</ItemType>
      <ItemName>דגני בוקר אוראו 407.52 גר</ItemName>
      <ManufacturerName>לא ידוע</ManufacturerName>
      <ManufactureCountry>אנגליה</ManufactureCountry>
      <ManufacturerItemDescription>דגני בוקר אוראו 407.</ManufacturerItemDescription>
      <UnitQty>גרמים</UnitQty>
      <Quantity>408.00</Quantity>
      <bIsWeighted>0</bIsWeighted>
      <UnitOfMeasure>100 גרם</UnitOfMeasure>
      <QtyInPackage>1</QtyInPackage>
      <ItemPrice>31.90</ItemPrice>
      <UnitOfMeasurePrice>7.82</UnitOfMeasurePrice>
      <AllowDiscount>1</AllowDiscount>
      <ItemStatus>1</ItemStatus>
    </Item>
    <Item>
      <PriceUpdateDate>2024-04-03 18:16</PriceUpdateDate>
      <ItemCode>5010265002911</ItemCode>
      <ItemType>1</ItemType>
      <ItemName>רייויטה פת פריכה מקמח שיפון מלא 250 גרם</ItemName>
      <ManufacturerName>לא ידוע</ManufacturerName>
      <ManufactureCountry>לא ידוע</ManufactureCountry>
      <ManufacturerItemDescription>רייויטה פת פריכה מקמ</ManufacturerItemDescription>
      <UnitQty>גרמים</UnitQty>
      <Quantity>250.00</Quantity>
      <bIsWeighted>0</bIsWeighted>
      <UnitOfMeasure>100 גרם</UnitOfMeasure>
      <QtyInPackage>1</QtyInPackage>
      <ItemPrice>18.90</ItemPrice>
      <UnitOfMeasurePrice>7.56</UnitOfMeasurePrice>
      <AllowDiscount>1</AllowDiscount>
      <ItemStatus>1</ItemStatus>
    </Item>
    <Item>
      <PriceUpdateDate>2024-07-31 14:48</PriceUpdateDate>
      <ItemCode>5010327000046</ItemCode>
      <ItemType>1</ItemType>
      <ItemName>וויסקי גראנטס  700 מ"ל</ItemName>
      <ManufacturerName>לא ידוע</ManufacturerName>
      <ManufactureCountry>לא ידוע</ManufactureCountry>
      <ManufacturerItemDescription>וויסקי גראנטס  700 מ</ManufacturerItemDescription>
      <UnitQty>מיליליטרים</UnitQty>
      <Quantity>700.00</Quantity>
      <bIsWeighted>0</bIsWeighted>
      <UnitOfMeasure>100 מ"ל</UnitOfMeasure>
      <QtyInPackage>1</QtyInPackage>
      <ItemPrice>99.90</ItemPrice>
      <UnitOfMeasurePrice>14.27</UnitOfMeasurePrice>
      <AllowDiscount>1</AllowDiscount>
      <ItemStatus>1</ItemStatus>
    </Item>
    <Item>
      <PriceUpdateDate>2025-03-06 18:51</PriceUpdateDate>
      <ItemCode>5010327000176</ItemCode>
      <ItemType>1</ItemType>
      <ItemName>וויסקי גלנפידיך מולט 12 שנה 700 מ"ל</ItemName>
      <ManufacturerName>לא ידוע</ManufacturerName>
      <ManufactureCountry>לא ידוע</ManufactureCountry>
      <ManufacturerItemDescription>וויסקי גלנפידיך מולט</ManufacturerItemDescription>
      <UnitQty>מיליליטרים</UnitQty>
      <Quantity>700.00</Quantity>
      <bIsWeighted>0</bIsWeighted>
      <UnitOfMeasure>100 מ"ל</UnitOfMeasure>
      <QtyInPackage>1</QtyInPackage>
      <ItemPrice>214.90</ItemPrice>
      <UnitOfMeasurePrice>30.70</UnitOfMeasurePrice>
      <AllowDiscount>1</AllowDiscount>
      <ItemStatus>1</ItemStatus>
    </Item>
    <Item>
      <PriceUpdateDate>2025-03-06 18:51</PriceUpdateDate>
      <ItemCode>5010327399614</ItemCode>
      <ItemType>1</ItemType>
      <ItemName>גלנפידיך 12 אמריקן אווק כשר 700 מ"ל</ItemName>
      <ManufacturerName>לא ידוע</ManufacturerName>
      <ManufactureCountry>סקוטלנד</ManufactureCountry>
      <ManufacturerItemDescription>גלנפידיך 12 אמריקן א</ManufacturerItemDescription>
      <UnitQty>מיליליטרים</UnitQty>
      <Quantity>700.00</Quantity>
      <bIsWeighted>0</bIsWeighted>
      <UnitOfMeasure>100 מ"ל</UnitOfMeasure>
      <QtyInPackage>1</QtyInPackage>
      <ItemPrice>214.90</ItemPrice>
      <UnitOfMeasurePrice>30.70</UnitOfMeasurePrice>
      <AllowDiscount>1</AllowDiscount>
      <ItemStatus>1</ItemStatus>
    </Item>
    <Item>
      <PriceUpdateDate>2025-01-30 07:58</PriceUpdateDate>
      <ItemCode>5010677551281</ItemCode>
      <ItemType>1</ItemType>
      <ItemName>בקרדי בריזר לימון 275 מ"ל</ItemName>
      <ManufacturerName>לא ידוע</ManufacturerName>
      <ManufactureCountry>לא ידוע</ManufactureCountry>
      <ManufacturerItemDescription>בקרדי בריזר לימון   </ManufacturerItemDescription>
      <UnitQty>מיליליטרים</UnitQty>
      <Quantity>275.00</Quantity>
      <bIsWeighted>0</bIsWeighted>
      <UnitOfMeasure>100 מ"ל</UnitOfMeasure>
      <QtyInPackage>1</QtyInPackage>
      <ItemPrice>16.90</ItemPrice>
      <UnitOfMeasurePrice>6.15</UnitOfMeasurePrice>
      <AllowDiscount>1</AllowDiscount>
      <ItemStatus>1</ItemStatus>
    </Item>
    <Item>
      <PriceUpdateDate>2025-01-30 07:57</PriceUpdateDate>
      <ItemCode>5010677551397</ItemCode>
      <ItemType>1</ItemType>
      <ItemName>בקרדי בריזר לימון ליים 275 מ"ל</ItemName>
      <ManufacturerName>לא ידוע</ManufacturerName>
      <ManufactureCountry>לא ידוע</ManufactureCountry>
      <ManufacturerItemDescription>בקרדי בריזר לימון לי</ManufacturerItemDescription>
      <UnitQty>מיליליטרים</UnitQty>
      <Quantity>275.00</Quantity>
      <bIsWeighted>0</bIsWeighted>
      <UnitOfMeasure>100 מ"ל</UnitOfMeasure>
      <QtyInPackage>1</QtyInPackage>
      <ItemPrice>16.90</ItemPrice>
      <UnitOfMeasurePrice>6.15</UnitOfMeasurePrice>
      <AllowDiscount>1</AllowDiscount>
      <ItemStatus>1</ItemStatus>
    </Item>
    <Item>
      <PriceUpdateDate>2025-01-30 07:58</PriceUpdateDate>
      <ItemCode>5010677552387</ItemCode>
      <ItemType>1</ItemType>
      <ItemName>בקרדי בריזר אננס 275 מ"ל</ItemName>
      <ManufacturerName>לא ידוע</ManufacturerName>
      <ManufactureCountry>לא ידוע</ManufactureCountry>
      <ManufacturerItemDescription>בקרדי בריזר אננס 275</ManufacturerItemDescription>
      <UnitQty>מיליליטרים</UnitQty>
      <Quantity>275.00</Quantity>
      <bIsWeighted>0</bIsWeighted>
      <UnitOfMeasure>100 מ"ל</UnitOfMeasure>
      <QtyInPackage>1</QtyInPackage>
      <ItemPrice>16.90</ItemPrice>
      <UnitOfMeasurePrice>6.15</UnitOfMeasurePrice>
      <AllowDiscount>1</AllowDiscount>
      <ItemStatus>1</ItemStatus>
    </Item>
    <Item>
      <PriceUpdateDate>2025-01-30 07:57</PriceUpdateDate>
      <ItemCode>5010677554398</ItemCode>
      <ItemType>1</ItemType>
      <ItemName>בקרדי בריזר אבטיח 275 מ"ל</ItemName>
      <ManufacturerName>לא ידוע</ManufacturerName>
      <ManufactureCountry>לא ידוע</ManufactureCountry>
      <ManufacturerItemDescription>בקרדי בריזר אבטיח   </ManufacturerItemDescription>
      <UnitQty>מיליליטרים</UnitQty>
      <Quantity>275.00</Quantity>
      <bIsWeighted>0</bIsWeighted>
      <UnitOfMeasure>100 מ"ל</UnitOfMeasure>
      <QtyInPackage>1</QtyInPackage>
      <ItemPrice>16.90</ItemPrice>
      <UnitOfMeasurePrice>6.15</UnitOfMeasurePrice>
      <AllowDiscount>1</AllowDiscount>
      <ItemStatus>1</ItemStatus>
    </Item>
    <Item>
      <PriceUpdateDate>2025-02-27 09:51</PriceUpdateDate>
      <ItemCode>5010677714006</ItemCode>
      <ItemType>1</ItemType>
      <ItemName>גין בומבאי ספייר 700 מ"ל</ItemName>
      <ManufacturerName>לא ידוע</ManufacturerName>
      <ManufactureCountry />
      <ManufacturerItemDescription>גין בומביי ספייר 700</ManufacturerItemDescription>
      <UnitQty>מיליליטרים</UnitQty>
      <Quantity>700.00</Quantity>
      <bIsWeighted>0</bIsWeighted>
      <UnitOfMeasure>100 מ"ל</UnitOfMeasure>
      <QtyInPackage>1</QtyInPackage>
      <ItemPrice>142.90</ItemPrice>
      <UnitOfMeasurePrice>20.41</UnitOfMeasurePrice>
      <AllowDiscount>1</AllowDiscount>
      <ItemStatus>1</ItemStatus>
    </Item>
    <Item>
      <PriceUpdateDate>2025-03-11 08:28</PriceUpdateDate>
      <ItemCode>5011013100156</ItemCode>
      <ItemType>1</ItemType>
      <ItemName>אייריש קרים בייליס 700 מ"ל</ItemName>
      <ManufacturerName>לא ידוע</ManufacturerName>
      <ManufactureCountry>אירלנד</ManufactureCountry>
      <ManufacturerItemDescription>אייריש קרים בייליס 7</ManufacturerItemDescription>
      <UnitQty>מיליליטרים</UnitQty>
      <Quantity>700.00</Quantity>
      <bIsWeighted>0</bIsWeighted>
      <UnitOfMeasure>100 מ"ל</UnitOfMeasure>
      <QtyInPackage>1</QtyInPackage>
      <ItemPrice>115.90</ItemPrice>
      <UnitOfMeasurePrice>16.56</UnitOfMeasurePrice>
      <AllowDiscount>1</AllowDiscount>
      <ItemStatus>1</ItemStatus>
    </Item>
    <Item>
      <PriceUpdateDate>2025-05-21 08:39</PriceUpdateDate>
      <ItemCode>5011157630281</ItemCode>
      <ItemType>1</ItemType>
      <ItemName>אורז בסמטי טילדה 1 ק"ג</ItemName>
      <ManufacturerName>אברו הודו</ManufacturerName>
      <ManufactureCountry>הודו</ManufactureCountry>
      <ManufacturerItemDescription>אורז בסמטי טילדה 1 ק</ManufacturerItemDescription>
      <UnitQty>קילוגרמים</UnitQty>
      <Quantity>0.00</Quantity>
      <bIsWeighted>0</bIsWeighted>
      <UnitOfMeasure>ק"ג</UnitOfMeasure>
      <QtyInPackage>1</QtyInPackage>
      <ItemPrice>23.90</ItemPrice>
      <UnitOfMeasurePrice>23.90</UnitOfMeasurePrice>
      <AllowDiscount>1</AllowDiscount>
      <ItemStatus>1</ItemStatus>
    </Item>
    <Item>
      <PriceUpdateDate>2024-10-27 15:04</PriceUpdateDate>
      <ItemCode>5011157997704</ItemCode>
      <ItemType>1</ItemType>
      <ItemName>אורז פרסי טילדה 1 ק"ג</ItemName>
      <ManufacturerName>הרבה בנגקוק סוסידד לימיטדה</ManufacturerName>
      <ManufactureCountry>תאילנד</ManufactureCountry>
      <ManufacturerItemDescription>אורז פרסי טילדה 1 ק"</ManufacturerItemDescription>
      <UnitQty>קילוגרמים</UnitQty>
      <Quantity>0.00</Quantity>
      <bIsWeighted>0</bIsWeighted>
      <UnitOfMeasure>ק"ג</UnitOfMeasure>
      <QtyInPackage>1</QtyInPackage>
      <ItemPrice>15.90</ItemPrice>
      <UnitOfMeasurePrice>15.90</UnitOfMeasurePrice>
      <AllowDiscount>1</AllowDiscount>
      <ItemStatus>1</ItemStatus>
    </Item>
    <Item>
      <PriceUpdateDate>2024-01-16 20:12</PriceUpdateDate>
      <ItemCode>5014271300429</ItemCode>
      <ItemType>1</ItemType>
      <ItemName>מעדן סאנט דלפור משמש 284 גרם</ItemName>
      <ManufacturerName>לא ידוע</ManufacturerName>
      <ManufactureCountry>לא ידוע</ManufactureCountry>
      <ManufacturerItemDescription>מעדן סאנט דלפור משמש</ManufacturerItemDescription>
      <UnitQty>גרמים</UnitQty>
      <Quantity>284.00</Quantity>
      <bIsWeighted>0</bIsWeighted>
      <UnitOfMeasure>100 גרם</UnitOfMeasure>
      <QtyInPackage>1</QtyInPackage>
      <ItemPrice>23.90</ItemPrice>
      <UnitOfMeasurePrice>8.42</UnitOfMeasurePrice>
      <AllowDiscount>1</AllowDiscount>
      <ItemStatus>1</ItemStatus>
    </Item>
    <Item>
      <PriceUpdateDate>2024-01-16 20:15</PriceUpdateDate>
      <ItemCode>5014271330426</ItemCode>
      <ItemType>1</ItemType>
      <ItemName>מעדן סאנט דלפור אוכמניות כחולות 284 גר</ItemName>
      <ManufacturerName>לא ידוע</ManufacturerName>
      <ManufactureCountry>לא ידוע</ManufactureCountry>
      <ManufacturerItemDescription>מעדן סאנט דלפור אוכמ</ManufacturerItemDescription>
      <UnitQty>גרמים</UnitQty>
      <Quantity>284.00</Quantity>
      <bIsWeighted>0</bIsWeighted>
      <UnitOfMeasure>100 גרם</UnitOfMeasure>
      <QtyInPackage>1</QtyInPackage>
      <ItemPrice>23.90</ItemPrice>
      <UnitOfMeasurePrice>8.42</UnitOfMeasurePrice>
      <AllowDiscount>1</AllowDiscount>
      <ItemStatus>1</ItemStatus>
    </Item>
    <Item>
      <PriceUpdateDate>2024-01-18 18:31</PriceUpdateDate>
      <ItemCode>5014271350424</ItemCode>
      <ItemType>1</ItemType>
      <ItemName>מעדן סאנט דלפור ארבע פירות 284 גר</ItemName>
      <ManufacturerName>לא ידוע</ManufacturerName>
      <ManufactureCountry>לא ידוע</ManufactureCountry>
      <ManufacturerItemDescription>מעדן סאנט דלפור ארבע</ManufacturerItemDescription>
      <UnitQty>גרמים</UnitQty>
      <Quantity>284.00</Quantity>
      <bIsWeighted>0</bIsWeighted>
      <UnitOfMeasure>100 גרם</UnitOfMeasure>
      <QtyInPackage>1</QtyInPackage>
      <ItemPrice>23.90</ItemPrice>
      <UnitOfMeasurePrice>8.42</UnitOfMeasurePrice>
      <AllowDiscount>1</AllowDiscount>
      <ItemStatus>1</ItemStatus>
    </Item>
    <Item>
      <PriceUpdateDate>2024-01-16 20:15</PriceUpdateDate>
      <ItemCode>5014271400426</ItemCode>
      <ItemType>1</ItemType>
      <ItemName>מעדן סאנט דלפור תות שדה 284 גר</ItemName>
      <ManufacturerName>לא ידוע</ManufacturerName>
      <ManufactureCountry>לא ידוע</ManufactureCountry>
      <ManufacturerItemDescription>מעדן סאנט דלפור תות </ManufacturerItemDescription>
      <UnitQty>גרמים</UnitQty>
      <Quantity>284.00</Quantity>
      <bIsWeighted>0</bIsWeighted>
      <UnitOfMeasure>100 גרם</UnitOfMeasure>
      <QtyInPackage>1</QtyInPackage>
      <ItemPrice>23.90</ItemPrice>
      <UnitOfMeasurePrice>8.42</UnitOfMeasurePrice>
      <AllowDiscount>1</AllowDiscount>
      <ItemStatus>1</ItemStatus>
    </Item>
    <Item>
      <PriceUpdateDate>2025-03-25 06:54</PriceUpdateDate>
      <ItemCode>5024546366630</ItemCode>
      <ItemType>1</ItemType>
      <ItemName>וויסקי לאודרס 1 ליטר SCOTCH</ItemName>
      <ManufacturerName>לא ידוע</ManufacturerName>
      <ManufactureCountry>לא ידוע</ManufactureCountry>
      <ManufacturerItemDescription>וויסקי לאודרס 1 ליטר</ManufacturerItemDescription>
      <UnitQty>מיליליטרים</UnitQty>
      <Quantity>1000.00</Quantity>
      <bIsWeighted>0</bIsWeighted>
      <UnitOfMeasure>100 מ"ל</UnitOfMeasure>
      <QtyInPackage>1</QtyInPackage>
      <ItemPrice>129.90</ItemPrice>
      <UnitOfMeasurePrice>12.99</UnitOfMeasurePrice>
      <AllowDiscount>1</AllowDiscount>
      <ItemStatus>1</ItemStatus>
    </Item>
    <Item>
      <PriceUpdateDate>2022-11-01 06:43</PriceUpdateDate>
      <ItemCode>5029053002408</ItemCode>
      <ItemType>1</ItemType>
      <ItemName>נ.טואלט קלינקס לבן 9 גל</ItemName>
      <ManufacturerName>לא ידוע</ManufacturerName>
      <ManufactureCountry>ישראל</ManufactureCountry>
      <ManufacturerItemDescription>נ.טואלט קלינקס לבן 9</ManufacturerItemDescription>
      <UnitQty>מטרים</UnitQty>
      <Quantity>258.00</Quantity>
      <bIsWeighted>0</bIsWeighted>
      <UnitOfMeasure>מטר</UnitOfMeasure>
      <QtyInPackage>1</QtyInPackage>
      <ItemPrice>38.90</ItemPrice>
      <UnitOfMeasurePrice>0.15</UnitOfMeasurePrice>
      <AllowDiscount>1</AllowDiscount>
      <ItemStatus>1</ItemStatus>
    </Item>
    <Item>
      <PriceUpdateDate>2025-07-01 06:22</PriceUpdateDate>
      <ItemCode>5030544902121</ItemCode>
      <ItemType>1</ItemType>
      <ItemName>גבינה מעושנת DORSET RED במשקל</ItemName>
      <ManufacturerName>לא ידוע</ManufacturerName>
      <ManufactureCountry>לא ידוע</ManufactureCountry>
      <ManufacturerItemDescription>גבינה מעושנת DORSET </ManufacturerItemDescription>
      <UnitQty>Unknown</UnitQty>
      <Quantity>0.00</Quantity>
      <bIsWeighted>1</bIsWeighted>
      <UnitOfMeasure>ק"ג</UnitOfMeasure>
      <QtyInPackage>0</QtyInPackage>
      <ItemPrice>179.00</ItemPrice>
      <UnitOfMeasurePrice>179.00</UnitOfMeasurePrice>
      <AllowDiscount>1</AllowDiscount>
      <ItemStatus>1</ItemStatus>
    </Item>
    <Item>
      <PriceUpdateDate>2025-02-27 09:59</PriceUpdateDate>
      <ItemCode>5030544903012</ItemCode>
      <ItemType>1</ItemType>
      <ItemName>גבינת צדר מיושן 190 גר</ItemName>
      <ManufacturerName>לא ידוע</ManufacturerName>
      <ManufactureCountry>לא ידוע</ManufactureCountry>
      <ManufacturerItemDescription>גבינת צדר מיושן 190 </ManufacturerItemDescription>
      <UnitQty>גרמים</UnitQty>
      <Quantity>190.00</Quantity>
      <bIsWeighted>0</bIsWeighted>
      <UnitOfMeasure>100 גרם</UnitOfMeasure>
      <QtyInPackage>1</QtyInPackage>
      <ItemPrice>41.90</ItemPrice>
      <UnitOfMeasurePrice>22.05</UnitOfMeasurePrice>
      <AllowDiscount>1</AllowDiscount>
      <ItemStatus>1</ItemStatus>
    </Item>
    <Item>
      <PriceUpdateDate>2024-07-17 08:35</PriceUpdateDate>
      <ItemCode>5035766060253</ItemCode>
      <ItemType>1</ItemType>
      <ItemName>מרפיס פחית 500 מל</ItemName>
      <ManufacturerName>לא ידוע</ManufacturerName>
      <ManufactureCountry>לא ידוע</ManufactureCountry>
      <ManufacturerItemDescription>מרפיס פחית 500 מ"ל  </ManufacturerItemDescription>
      <UnitQty>מיליליטרים</UnitQty>
      <Quantity>500.00</Quantity>
      <bIsWeighted>0</bIsWeighted>
      <UnitOfMeasure>100 מ"ל</UnitOfMeasure>
      <QtyInPackage>1</QtyInPackage>
      <ItemPrice>14.90</ItemPrice>
      <UnitOfMeasurePrice>2.98</UnitOfMeasurePrice>
      <AllowDiscount>1</AllowDiscount>
      <ItemStatus>1</ItemStatus>
    </Item>
    <Item>
      <PriceUpdateDate>2024-08-04 14:02</PriceUpdateDate>
      <ItemCode>5055966810069</ItemCode>
      <ItemType>1</ItemType>
      <ItemName>וויסקי בלק בוש 700 מ"ל</ItemName>
      <ManufacturerName>לא ידוע</ManufacturerName>
      <ManufactureCountry>סקוטלנד</ManufactureCountry>
      <ManufacturerItemDescription>וויסקי בלק בוש 700 מ</ManufacturerItemDescription>
      <UnitQty>מיליליטרים</UnitQty>
      <Quantity>700.00</Quantity>
      <bIsWeighted>0</bIsWeighted>
      <UnitOfMeasure>100 מ"ל</UnitOfMeasure>
      <QtyInPackage>1</QtyInPackage>
      <ItemPrice>139.90</ItemPrice>
      <UnitOfMeasurePrice>19.99</UnitOfMeasurePrice>
      <AllowDiscount>1</AllowDiscount>
      <ItemStatus>1</ItemStatus>
    </Item>
    <Item>
      <PriceUpdateDate>2024-01-16 19:10</PriceUpdateDate>
      <ItemCode>5056025440432</ItemCode>
      <ItemType>1</ItemType>
      <ItemName>IPA  בירה ברודוג פאנק פחית  330 מ"ל</ItemName>
      <ManufacturerName>לא ידוע</ManufacturerName>
      <ManufactureCountry>סקוטלנד</ManufactureCountry>
      <ManufacturerItemDescription>IPA  בירה ברודוג פאנ</ManufacturerItemDescription>
      <UnitQty>גרמים</UnitQty>
      <Quantity>330.00</Quantity>
      <bIsWeighted>0</bIsWeighted>
      <UnitOfMeasure>100 גרם</UnitOfMeasure>
      <QtyInPackage>1</QtyInPackage>
      <ItemPrice>16.90</ItemPrice>
      <UnitOfMeasurePrice>5.12</UnitOfMeasurePrice>
      <AllowDiscount>1</AllowDiscount>
      <ItemStatus>1</ItemStatus>
    </Item>
    <Item>
      <PriceUpdateDate>2024-01-16 19:10</PriceUpdateDate>
      <ItemCode>5056025456570</ItemCode>
      <ItemType>1</ItemType>
      <ItemName>בירה ברודוג הייזי גיין גויאבה 330 מ"ל</ItemName>
      <ManufacturerName>לא ידוע</ManufacturerName>
      <ManufactureCountry>סקוטלנד</ManufactureCountry>
      <ManufacturerItemDescription>בירה ברודוג הייזי גי</ManufacturerItemDescription>
      <UnitQty>גרמים</UnitQty>
      <Quantity>330.00</Quantity>
      <bIsWeighted>0</bIsWeighted>
      <UnitOfMeasure>100 גרם</UnitOfMeasure>
      <QtyInPackage>1</QtyInPackage>
      <ItemPrice>16.90</ItemPrice>
      <UnitOfMeasurePrice>5.12</UnitOfMeasurePrice>
      <AllowDiscount>1</AllowDiscount>
      <ItemStatus>1</ItemStatus>
    </Item>
    <Item>
      <PriceUpdateDate>2025-06-05 17:08</PriceUpdateDate>
      <ItemCode>5056357911747</ItemCode>
      <ItemType>1</ItemType>
      <ItemName>טוויקס עוגיות מצופות שוקולד 132 גרם</ItemName>
      <ManufacturerName>לא ידוע</ManufacturerName>
      <ManufactureCountry>אנגליה</ManufactureCountry>
      <ManufacturerItemDescription>טוויקס עוגיות מצופות</ManufacturerItemDescription>
      <UnitQty>גרמים</UnitQty>
      <Quantity>132.00</Quantity>
      <bIsWeighted>0</bIsWeighted>
      <UnitOfMeasure>100 גרם</UnitOfMeasure>
      <QtyInPackage>0</QtyInPackage>
      <ItemPrice>20.90</ItemPrice>
      <UnitOfMeasurePrice>15.83</UnitOfMeasurePrice>
      <AllowDiscount>1</AllowDiscount>
      <ItemStatus>1</ItemStatus>
    </Item>
    <Item>
      <PriceUpdateDate>2025-08-20 23:00</PriceUpdateDate>
      <ItemCode>5059319023670</ItemCode>
      <ItemType>1</ItemType>
      <ItemName>קלוגס-דגני בוקר "סמאקס" 400 גרם</ItemName>
      <ManufacturerName>לא ידוע</ManufacturerName>
      <ManufactureCountry />
      <ManufacturerItemDescription>קלוגס-דגני בוקר "סמא</ManufacturerItemDescription>
      <UnitQty>גרמים</UnitQty>
      <Quantity>400.00</Quantity>
      <bIsWeighted>0</bIsWeighted>
      <UnitOfMeasure>100 גרם</UnitOfMeasure>
      <QtyInPackage>1</QtyInPackage>
      <ItemPrice>33.90</ItemPrice>
      <UnitOfMeasurePrice>8.48</UnitOfMeasurePrice>
      <AllowDiscount>1</AllowDiscount>
      <ItemStatus>1</ItemStatus>
    </Item>
    <Item>
      <PriceUpdateDate>2025-03-03 06:51</PriceUpdateDate>
      <ItemCode>5059319029924</ItemCode>
      <ItemType>1</ItemType>
      <ItemName>קורנפלקס קלוגס 500 גר</ItemName>
      <ManufacturerName>לא ידוע</ManufacturerName>
      <ManufactureCountry>ספרד</ManufactureCountry>
      <ManufacturerItemDescription>קורנפלקס קלוגס 500 ג</ManufacturerItemDescription>
      <UnitQty>גרמים</UnitQty>
      <Quantity>500.00</Quantity>
      <bIsWeighted>0</bIsWeighted>
      <UnitOfMeasure>100 גרם</UnitOfMeasure>
      <QtyInPackage>1</QtyInPackage>
      <ItemPrice>21.90</ItemPrice>
      <UnitOfMeasurePrice>4.38</UnitOfMeasurePrice>
      <AllowDiscount>1</AllowDiscount>
      <ItemStatus>1</ItemStatus>
    </Item>
    <Item>
      <PriceUpdateDate>2025-08-07 11:07</PriceUpdateDate>
      <ItemCode>5059319036984</ItemCode>
      <ItemType>1</ItemType>
      <ItemName>קלוגס-ווראייטי מארז 8 דגני בוקר 196 גרם</ItemName>
      <ManufacturerName>לא ידוע</ManufacturerName>
      <ManufactureCountry />
      <ManufacturerItemDescription>קלוגס-ווראייטי מארז </ManufacturerItemDescription>
      <UnitQty>גרמים</UnitQty>
      <Quantity>196.00</Quantity>
      <bIsWeighted>0</bIsWeighted>
      <UnitOfMeasure>100 גרם</UnitOfMeasure>
      <QtyInPackage>1</QtyInPackage>
      <ItemPrice>28.90</ItemPrice>
      <UnitOfMeasurePrice>14.74</UnitOfMeasurePrice>
      <AllowDiscount>1</AllowDiscount>
      <ItemStatus>1</ItemStatus>
    </Item>
    <Item>
      <PriceUpdateDate>2024-07-14 17:21</PriceUpdateDate>
      <ItemCode>5060017740011</ItemCode>
      <ItemType>1</ItemType>
      <ItemName>גין ברוקרס 700 מ"ל</ItemName>
      <ManufacturerName>לא ידוע</ManufacturerName>
      <ManufactureCountry>לא ידוע</ManufactureCountry>
      <ManufacturerItemDescription>גין ברוקרס 700 מ"ל  </ManufacturerItemDescription>
      <UnitQty>מיליליטרים</UnitQty>
      <Quantity>700.00</Quantity>
      <bIsWeighted>0</bIsWeighted>
      <UnitOfMeasure>100 מ"ל</UnitOfMeasure>
      <QtyInPackage>1</QtyInPackage>
      <ItemPrice>131.90</ItemPrice>
      <UnitOfMeasurePrice>18.84</UnitOfMeasurePrice>
      <AllowDiscount>1</AllowDiscount>
      <ItemStatus>1</ItemStatus>
    </Item>
    <Item>
      <PriceUpdateDate>2025-03-20 09:42</PriceUpdateDate>
      <ItemCode>5060319120115</ItemCode>
      <ItemType>1</ItemType>
      <ItemName>תה ירוק אורגני 50 גרם הייר ליבינג</ItemName>
      <ManufacturerName>לא ידוע</ManufacturerName>
      <ManufactureCountry>לא ידוע</ManufactureCountry>
      <ManufacturerItemDescription>תה ירוק אורגני 50 גר</ManufacturerItemDescription>
      <UnitQty>Unknown</UnitQty>
      <Quantity>0.00</Quantity>
      <bIsWeighted>0</bIsWeighted>
      <UnitOfMeasure>Unknown</UnitOfMeasure>
      <QtyInPackage>1</QtyInPackage>
      <ItemPrice>21.90</ItemPrice>
      <UnitOfMeasurePrice>21.90</UnitOfMeasurePrice>
      <AllowDiscount>1</AllowDiscount>
      <ItemStatus>1</ItemStatus>
    </Item>
    <Item>
      <PriceUpdateDate>2025-09-05 09:16</PriceUpdateDate>
      <ItemCode>5060477670002</ItemCode>
      <ItemType>1</ItemType>
      <ItemName>ACTIPH PH9 מים אלקליים 600 מ"ל</ItemName>
      <ManufacturerName>וונלוק ספרינג וואטר</ManufacturerName>
      <ManufactureCountry>אנגליה</ManufactureCountry>
      <ManufacturerItemDescription>ACTIPH PH9 מים אלקלי</ManufacturerItemDescription>
      <UnitQty>מיליליטרים</UnitQty>
      <Quantity>600.00</Quantity>
      <bIsWeighted>0</bIsWeighted>
      <UnitOfMeasure>100 מ"ל</UnitOfMeasure>
      <QtyInPackage>1</QtyInPackage>
      <ItemPrice>12.90</ItemPrice>
      <UnitOfMeasurePrice>2.15</UnitOfMeasurePrice>
      <AllowDiscount>1</AllowDiscount>
      <ItemStatus>1</ItemStatus>
    </Item>
    <Item>
      <PriceUpdateDate>2025-05-23 08:09</PriceUpdateDate>
      <ItemCode>5060517886486</ItemCode>
      <ItemType>1</ItemType>
      <ItemName>מונסטר אנרגי פח 500 מ"ל</ItemName>
      <ManufacturerName>לא ידוע</ManufacturerName>
      <ManufactureCountry>סרביה</ManufactureCountry>
      <ManufacturerItemDescription>מונסטר אנרגי פח 500 </ManufacturerItemDescription>
      <UnitQty>מיליליטרים</UnitQty>
      <Quantity>500.00</Quantity>
      <bIsWeighted>0</bIsWeighted>
      <UnitOfMeasure>100 מ"ל</UnitOfMeasure>
      <QtyInPackage>1</QtyInPackage>
      <ItemPrice>9.90</ItemPrice>
      <UnitOfMeasurePrice>1.98</UnitOfMeasurePrice>
      <AllowDiscount>1</AllowDiscount>
      <ItemStatus>1</ItemStatus>
    </Item>
    <Item>
      <PriceUpdateDate>2025-05-23 08:09</PriceUpdateDate>
      <ItemCode>5060639128051</ItemCode>
      <ItemType>1</ItemType>
      <ItemName>מונסטר ULTRA פחית 500 מ"ל</ItemName>
      <ManufacturerName>לא ידוע</ManufacturerName>
      <ManufactureCountry>סרביה</ManufactureCountry>
      <ManufacturerItemDescription>מונסטר ULTRA פחית 50</ManufacturerItemDescription>
      <UnitQty>מיליליטרים</UnitQty>
      <Quantity>500.00</Quantity>
      <bIsWeighted>0</bIsWeighted>
      <UnitOfMeasure>100 מ"ל</UnitOfMeasure>
      <QtyInPackage>1</QtyInPackage>
      <ItemPrice>9.90</ItemPrice>
      <UnitOfMeasurePrice>1.98</UnitOfMeasurePrice>
      <AllowDiscount>1</AllowDiscount>
      <ItemStatus>1</ItemStatus>
    </Item>
    <Item>
      <PriceUpdateDate>2025-05-23 08:09</PriceUpdateDate>
      <ItemCode>5060751218173</ItemCode>
      <ItemType>1</ItemType>
      <ItemName>מונסטר פייפליין פאנצ 500 מ"ל</ItemName>
      <ManufacturerName>לא ידוע</ManufacturerName>
      <ManufactureCountry />
      <ManufacturerItemDescription>מונסטר פייפליין פאנצ</ManufacturerItemDescription>
      <UnitQty>מיליליטרים</UnitQty>
      <Quantity>500.00</Quantity>
      <bIsWeighted>0</bIsWeighted>
      <UnitOfMeasure>100 מ"ל</UnitOfMeasure>
      <QtyInPackage>1</QtyInPackage>
      <ItemPrice>9.90</ItemPrice>
      <UnitOfMeasurePrice>1.98</UnitOfMeasurePrice>
      <AllowDiscount>1</AllowDiscount>
      <ItemStatus>1</ItemStatus>
    </Item>
    <Item>
      <PriceUpdateDate>2025-05-23 08:09</PriceUpdateDate>
      <ItemCode>5060896625249</ItemCode>
      <ItemType>1</ItemType>
      <ItemName>מונסטר אולטרה פיאסטה 500 מל</ItemName>
      <ManufacturerName>לא ידוע</ManufacturerName>
      <ManufactureCountry>סרביה</ManufactureCountry>
      <ManufacturerItemDescription>מונסטר אולטרה פיאסטה</ManufacturerItemDescription>
      <UnitQty>מיליליטרים</UnitQty>
      <Quantity>500.00</Quantity>
      <bIsWeighted>0</bIsWeighted>
      <UnitOfMeasure>100 מ"ל</UnitOfMeasure>
      <QtyInPackage>1</QtyInPackage>
      <ItemPrice>9.90</ItemPrice>
      <UnitOfMeasurePrice>1.98</UnitOfMeasurePrice>
      <AllowDiscount>1</AllowDiscount>
      <ItemStatus>1</ItemStatus>
    </Item>
    <Item>
      <PriceUpdateDate>2025-05-23 08:09</PriceUpdateDate>
      <ItemCode>5061013944991</ItemCode>
      <ItemType>1</ItemType>
      <ItemName>מונסטר Aussie Lemonade פחית 500 מל</ItemName>
      <ManufacturerName>לא ידוע</ManufacturerName>
      <ManufactureCountry>סרביה</ManufactureCountry>
      <ManufacturerItemDescription>מונסטר Aussie Lemona</ManufacturerItemDescription>
      <UnitQty>מיליליטרים</UnitQty>
      <Quantity>500.00</Quantity>
      <bIsWeighted>0</bIsWeighted>
      <UnitOfMeasure>100 מ"ל</UnitOfMeasure>
      <QtyInPackage>1</QtyInPackage>
      <ItemPrice>9.90</ItemPrice>
      <UnitOfMeasurePrice>1.98</UnitOfMeasurePrice>
      <AllowDiscount>1</AllowDiscount>
      <ItemStatus>1</ItemStatus>
    </Item>
    <Item>
      <PriceUpdateDate>2025-08-26 10:22</PriceUpdateDate>
      <ItemCode>5061013948364</ItemCode>
      <ItemType>1</ItemType>
      <ItemName>FULL THROTTLE ZERO מונסטר פחית  500 מ"ל</ItemName>
      <ManufacturerName>לא ידוע</ManufacturerName>
      <ManufactureCountry />
      <ManufacturerItemDescription>FULL THROTTLE ZERO מ</ManufacturerItemDescription>
      <UnitQty>מיליליטרים</UnitQty>
      <Quantity>500.00</Quantity>
      <bIsWeighted>0</bIsWeighted>
      <UnitOfMeasure>100 מ"ל</UnitOfMeasure>
      <QtyInPackage>1</QtyInPackage>
      <ItemPrice>9.90</ItemPrice>
      <UnitOfMeasurePrice>1.98</UnitOfMeasurePrice>
      <AllowDiscount>1</AllowDiscount>
      <ItemStatus>1</ItemStatus>
    </Item>
    <Item>
      <PriceUpdateDate>2025-03-06 18:51</PriceUpdateDate>
      <ItemCode>5099873045367</ItemCode>
      <ItemType>1</ItemType>
      <ItemName>וויסקי גק דניאלס 1 ליטר  -אריזת שי</ItemName>
      <ManufacturerName>לא ידוע</ManufacturerName>
      <ManufactureCountry>ארה"ב</ManufactureCountry>
      <ManufacturerItemDescription>וויסקי גק דניאלס 1 ל</ManufacturerItemDescription>
      <UnitQty>מיליליטרים</UnitQty>
      <Quantity>1000.00</Quantity>
      <bIsWeighted>0</bIsWeighted>
      <UnitOfMeasure>100 מ"ל</UnitOfMeasure>
      <QtyInPackage>1</QtyInPackage>
      <ItemPrice>162.90</ItemPrice>
      <UnitOfMeasurePrice>16.29</UnitOfMeasurePrice>
      <AllowDiscount>1</AllowDiscount>
      <ItemStatus>1</ItemStatus>
    </Item>
    <Item>
      <PriceUpdateDate>2025-03-25 07:05</PriceUpdateDate>
      <ItemCode>51500255377</ItemCode>
      <ItemType>1</ItemType>
      <ItemName>חמאת בוטנים עם שברי בוטנים 454 ג JIF</ItemName>
      <ManufacturerName>לא ידוע</ManufacturerName>
      <ManufactureCountry>לא ידוע</ManufactureCountry>
      <ManufacturerItemDescription>חמאת בוטנים עם שברי </ManufacturerItemDescription>
      <UnitQty>גרמים</UnitQty>
      <Quantity>454.00</Quantity>
      <bIsWeighted>0</bIsWeighted>
      <UnitOfMeasure>100 גרם</UnitOfMeasure>
      <QtyInPackage>1</QtyInPackage>
      <ItemPrice>24.90</ItemPrice>
      <UnitOfMeasurePrice>5.48</UnitOfMeasurePrice>
      <AllowDiscount>1</AllowDiscount>
      <ItemStatus>1</ItemStatus>
    </Item>
    <Item>
      <PriceUpdateDate>2025-03-25 07:06</PriceUpdateDate>
      <ItemCode>5201004021328</ItemCode>
      <ItemType>1</ItemType>
      <ItemName>גליליות ממולאות קרם אגוזים 115 גר</ItemName>
      <ManufacturerName>לא ידוע</ManufacturerName>
      <ManufactureCountry>יוון</ManufactureCountry>
      <ManufacturerItemDescription>גליליות קפריס רולס ק</ManufacturerItemDescription>
      <UnitQty>גרמים</UnitQty>
      <Quantity>115.00</Quantity>
      <bIsWeighted>0</bIsWeighted>
      <UnitOfMeasure>100 גרם</UnitOfMeasure>
      <QtyInPackage>1</QtyInPackage>
      <ItemPrice>14.50</ItemPrice>
      <UnitOfMeasurePrice>12.61</UnitOfMeasurePrice>
      <AllowDiscount>1</AllowDiscount>
      <ItemStatus>1</ItemStatus>
    </Item>
    <Item>
      <PriceUpdateDate>2025-08-11 23:00</PriceUpdateDate>
      <ItemCode>5201004022325</ItemCode>
      <ItemType>1</ItemType>
      <ItemName>וופל קפריס רולס וניל 250 גר</ItemName>
      <ManufacturerName>לא ידוע</ManufacturerName>
      <ManufactureCountry>GR</ManufactureCountry>
      <ManufacturerItemDescription>וופל קפריס רולס וניל</ManufacturerItemDescription>
      <UnitQty>גרמים</UnitQty>
      <Quantity>250.00</Quantity>
      <bIsWeighted>0</bIsWeighted>
      <UnitOfMeasure>100 גרם</UnitOfMeasure>
      <QtyInPackage>1</QtyInPackage>
      <ItemPrice>23.90</ItemPrice>
      <UnitOfMeasurePrice>9.56</UnitOfMeasurePrice>
      <AllowDiscount>1</AllowDiscount>
      <ItemStatus>1</ItemStatus>
    </Item>
    <Item>
      <PriceUpdateDate>2025-03-25 06:55</PriceUpdateDate>
      <ItemCode>5201004023360</ItemCode>
      <ItemType>1</ItemType>
      <ItemName>גליליות קפריס רולס קלאסיק 250 גר</ItemName>
      <ManufacturerName>לא ידוע</ManufacturerName>
      <ManufactureCountry>יוון</ManufactureCountry>
      <ManufacturerItemDescription>גליליות קפריס רולס ק</ManufacturerItemDescription>
      <UnitQty>גרמים</UnitQty>
      <Quantity>250.00</Quantity>
      <bIsWeighted>0</bIsWeighted>
      <UnitOfMeasure>100 גרם</UnitOfMeasure>
      <QtyInPackage>1</QtyInPackage>
      <ItemPrice>23.90</ItemPrice>
      <UnitOfMeasurePrice>9.56</UnitOfMeasurePrice>
      <AllowDiscount>1</AllowDiscount>
      <ItemStatus>1</ItemStatus>
    </Item>
    <Item>
      <PriceUpdateDate>2025-03-11 08:09</PriceUpdateDate>
      <ItemCode>5201051002028</ItemCode>
      <ItemType>1</ItemType>
      <ItemName>עגבניות ופלפלים ממולאים באורז 280 גרם</ItemName>
      <ManufacturerName>לא ידוע</ManufacturerName>
      <ManufactureCountry>לא ידוע</ManufactureCountry>
      <ManufacturerItemDescription>עגבניות ופלפלים ממול</ManufacturerItemDescription>
      <UnitQty>גרמים</UnitQty>
      <Quantity>280.00</Quantity>
      <bIsWeighted>0</bIsWeighted>
      <UnitOfMeasure>100 גרם</UnitOfMeasure>
      <QtyInPackage>1</QtyInPackage>
      <ItemPrice>27.90</ItemPrice>
      <UnitOfMeasurePrice>9.96</UnitOfMeasurePrice>
      <AllowDiscount>1</AllowDiscount>
      <ItemStatus>1</ItemStatus>
    </Item>
    <Item>
      <PriceUpdateDate>2025-10-23 16:39</PriceUpdateDate>
      <ItemCode>5201306800812</ItemCode>
      <ItemType>1</ItemType>
      <ItemName>זית קלמטה 465 גר דולפין</ItemName>
      <ManufacturerName>לא ידוע</ManufacturerName>
      <ManufactureCountry>יוון</ManufactureCountry>
      <ManufacturerItemDescription>זית קלמטה 465 גר דול</ManufacturerItemDescription>
      <UnitQty>גרמים</UnitQty>
      <Quantity>465.00</Quantity>
      <bIsWeighted>0</bIsWeighted>
      <UnitOfMeasure>100 גרם</UnitOfMeasure>
      <QtyInPackage>1</QtyInPackage>
      <ItemPrice>36.90</ItemPrice>
      <UnitOfMeasurePrice>7.94</UnitOfMeasurePrice>
      <AllowDiscount>1</AllowDiscount>
      <ItemStatus>1</ItemStatus>
    </Item>
    <Item>
      <PriceUpdateDate>2025-07-16 23:00</PriceUpdateDate>
      <ItemCode>5201671000503</ItemCode>
      <ItemType>1</ItemType>
      <ItemName>זיתי קלמטה במי מלח 315 מ"ל GAEA</ItemName>
      <ManufacturerName>לא ידוע</ManufacturerName>
      <ManufactureCountry>GR</ManufactureCountry>
      <ManufacturerItemDescription>זיתי קלמטה במי מלח 3</ManufacturerItemDescription>
      <UnitQty>מיליליטרים</UnitQty>
      <Quantity>315.00</Quantity>
      <bIsWeighted>0</bIsWeighted>
      <UnitOfMeasure>100 מ"ל</UnitOfMeasure>
      <QtyInPackage>1</QtyInPackage>
      <ItemPrice>18.90</ItemPrice>
      <UnitOfMeasurePrice>6.00</UnitOfMeasurePrice>
      <AllowDiscount>1</AllowDiscount>
      <ItemStatus>1</ItemStatus>
    </Item>
    <Item>
      <PriceUpdateDate>2025-03-25 06:57</PriceUpdateDate>
      <ItemCode>5201940010110</ItemCode>
      <ItemType>1</ItemType>
      <ItemName>זיתים שחורים מזן קלמטה בפח 454  גרם</ItemName>
      <ManufacturerName>לא ידוע</ManufacturerName>
      <ManufactureCountry>לא ידוע</ManufactureCountry>
      <ManufacturerItemDescription>זיתים שחורים מזן קלמ</ManufacturerItemDescription>
      <UnitQty>גרמים</UnitQty>
      <Quantity>454.00</Quantity>
      <bIsWeighted>0</bIsWeighted>
      <UnitOfMeasure>100 גרם</UnitOfMeasure>
      <QtyInPackage>1</QtyInPackage>
      <ItemPrice>19.50</ItemPrice>
      <UnitOfMeasurePrice>4.30</UnitOfMeasurePrice>
      <AllowDiscount>1</AllowDiscount>
      <ItemStatus>1</ItemStatus>
    </Item>
    <Item>
      <PriceUpdateDate>2024-02-04 10:56</PriceUpdateDate>
      <ItemCode>5201955150016</ItemCode>
      <ItemType>1</ItemType>
      <ItemName>זיתים ירוקים אורגנו ופלפלים אדומים 150 ג</ItemName>
      <ManufacturerName>לא ידוע</ManufacturerName>
      <ManufactureCountry>יוון</ManufactureCountry>
      <ManufacturerItemDescription>זיתים ירוקים אורגנו </ManufacturerItemDescription>
      <UnitQty>גרמים</UnitQty>
      <Quantity>150.00</Quantity>
      <bIsWeighted>0</bIsWeighted>
      <UnitOfMeasure>100 גרם</UnitOfMeasure>
      <QtyInPackage>1</QtyInPackage>
      <ItemPrice>12.40</ItemPrice>
      <UnitOfMeasurePrice>8.27</UnitOfMeasurePrice>
      <AllowDiscount>1</AllowDiscount>
      <ItemStatus>1</ItemStatus>
    </Item>
    <Item>
      <PriceUpdateDate>2024-02-04 10:56</PriceUpdateDate>
      <ItemCode>5201955150030</ItemCode>
      <ItemType>1</ItemType>
      <ItemName>זיתים ירוקים אורגנו שלמים 150 ג</ItemName>
      <ManufacturerName>לא ידוע</ManufacturerName>
      <ManufactureCountry>יוון</ManufactureCountry>
      <ManufacturerItemDescription>זיתים ירוקים אורגנו </ManufacturerItemDescription>
      <UnitQty>גרמים</UnitQty>
      <Quantity>150.00</Quantity>
      <bIsWeighted>0</bIsWeighted>
      <UnitOfMeasure>100 גרם</UnitOfMeasure>
      <QtyInPackage>1</QtyInPackage>
      <ItemPrice>12.40</ItemPrice>
      <UnitOfMeasurePrice>8.27</UnitOfMeasurePrice>
      <AllowDiscount>1</AllowDiscount>
      <ItemStatus>1</ItemStatus>
    </Item>
    <Item>
      <PriceUpdateDate>2024-01-27 00:30</PriceUpdateDate>
      <ItemCode>5201955150047</ItemCode>
      <ItemType>1</ItemType>
      <ItemName>זיתים ירוקים ושחורים אורגנו ופלפל 150 ג</ItemName>
      <ManufacturerName>לא ידוע</ManufacturerName>
      <ManufactureCountry>יוון</ManufactureCountry>
      <ManufacturerItemDescription>זיתים ירוקים ושחורים</ManufacturerItemDescription>
      <UnitQty>גרמים</UnitQty>
      <Quantity>150.00</Quantity>
      <bIsWeighted>0</bIsWeighted>
      <UnitOfMeasure>100 גרם</UnitOfMeasure>
      <QtyInPackage>1</QtyInPackage>
      <ItemPrice>12.40</ItemPrice>
      <UnitOfMeasurePrice>8.27</UnitOfMeasurePrice>
      <AllowDiscount>1</AllowDiscount>
      <ItemStatus>1</ItemStatus>
    </Item>
    <Item>
      <PriceUpdateDate>2024-01-29 09:47</PriceUpdateDate>
      <ItemCode>5201955150061</ItemCode>
      <ItemType>1</ItemType>
      <ItemName>זיתים שחורים קלמנטה שלמים 150 גר</ItemName>
      <ManufacturerName>לא ידוע</ManufacturerName>
      <ManufactureCountry>יוון</ManufactureCountry>
      <ManufacturerItemDescription>זיתים שחורים קלמנטה </ManufacturerItemDescription>
      <UnitQty>גרמים</UnitQty>
      <Quantity>150.00</Quantity>
      <bIsWeighted>0</bIsWeighted>
      <UnitOfMeasure>100 גרם</UnitOfMeasure>
      <QtyInPackage>1</QtyInPackage>
      <ItemPrice>12.40</ItemPrice>
      <UnitOfMeasurePrice>8.27</UnitOfMeasurePrice>
      <AllowDiscount>1</AllowDiscount>
      <ItemStatus>1</ItemStatus>
    </Item>
    <Item>
      <PriceUpdateDate>2025-03-25 06:58</PriceUpdateDate>
      <ItemCode>5202175001515</ItemCode>
      <ItemType>1</ItemType>
      <ItemName>נאצ`וס בטעם מלוח 225 גר</ItemName>
      <ManufacturerName>לא ידוע</ManufacturerName>
      <ManufactureCountry />
      <ManufacturerItemDescription>נאצ`וס בטעם מלוח 225</ManufacturerItemDescription>
      <UnitQty>גרמים</UnitQty>
      <Quantity>225.00</Quantity>
      <bIsWeighted>0</bIsWeighted>
      <UnitOfMeasure>100 גרם</UnitOfMeasure>
      <QtyInPackage>1</QtyInPackage>
      <ItemPrice>15.20</ItemPrice>
      <UnitOfMeasurePrice>6.76</UnitOfMeasurePrice>
      <AllowDiscount>1</AllowDiscount>
      <ItemStatus>1</ItemStatus>
    </Item>
    <Item>
      <PriceUpdateDate>2024-03-05 10:24</PriceUpdateDate>
      <ItemCode>5202175001539</ItemCode>
      <ItemType>1</ItemType>
      <ItemName>נאצ`וס בטעם צ`ילי 225 גר</ItemName>
      <ManufacturerName>לא ידוע</ManufacturerName>
      <ManufactureCountry />
      <ManufacturerItemDescription>נאצ`וס בטעם צ`ילי 22</ManufacturerItemDescription>
      <UnitQty>גרמים</UnitQty>
      <Quantity>225.00</Quantity>
      <bIsWeighted>0</bIsWeighted>
      <UnitOfMeasure>100 גרם</UnitOfMeasure>
      <QtyInPackage>1</QtyInPackage>
      <ItemPrice>13.40</ItemPrice>
      <UnitOfMeasurePrice>5.96</UnitOfMeasurePrice>
      <AllowDiscount>1</AllowDiscount>
      <ItemStatus>1</ItemStatus>
    </Item>
    <Item>
      <PriceUpdateDate>2023-01-11 17:53</PriceUpdateDate>
      <ItemCode>5202302020020</ItemCode>
      <ItemType>1</ItemType>
      <ItemName>ליליה ממרח זיתי קלמטה 200 גר</ItemName>
      <ManufacturerName>לא ידוע</ManufacturerName>
      <ManufactureCountry>לא ידוע</ManufactureCountry>
      <ManufacturerItemDescription>ליליה ממרח זיתי קלמט</ManufacturerItemDescription>
      <UnitQty>גרמים</UnitQty>
      <Quantity>200.00</Quantity>
      <bIsWeighted>0</bIsWeighted>
      <UnitOfMeasure>100 גרם</UnitOfMeasure>
      <QtyInPackage>1</QtyInPackage>
      <ItemPrice>18.90</ItemPrice>
      <UnitOfMeasurePrice>9.45</UnitOfMeasurePrice>
      <AllowDiscount>1</AllowDiscount>
      <ItemStatus>1</ItemStatus>
    </Item>
    <Item>
      <PriceUpdateDate>2024-12-01 14:50</PriceUpdateDate>
      <ItemCode>5202390021121</ItemCode>
      <ItemType>1</ItemType>
      <ItemName>קרמי אוריגינל טבעוני ויולייף 150 גר</ItemName>
      <ManufacturerName>לא ידוע</ManufacturerName>
      <ManufactureCountry>יוון</ManufactureCountry>
      <ManufacturerItemDescription>קרמי אוריגינל טבעוני</ManufacturerItemDescription>
      <UnitQty>גרמים</UnitQty>
      <Quantity>150.00</Quantity>
      <bIsWeighted>0</bIsWeighted>
      <UnitOfMeasure>100 גרם</UnitOfMeasure>
      <QtyInPackage>1</QtyInPackage>
      <ItemPrice>24.90</ItemPrice>
      <UnitOfMeasurePrice>16.60</UnitOfMeasurePrice>
      <AllowDiscount>1</AllowDiscount>
      <ItemStatus>1</ItemStatus>
    </Item>
    <Item>
      <PriceUpdateDate>2023-01-23 18:06</PriceUpdateDate>
      <ItemCode>5202413007019</ItemCode>
      <ItemType>1</ItemType>
      <ItemName>אוזו פלומארי 700 מ"ל</ItemName>
      <ManufacturerName>לא ידוע</ManufacturerName>
      <ManufactureCountry>לא ידוע</ManufactureCountry>
      <ManufacturerItemDescription>אוזו פלומארי 700 מ"ל</ManufacturerItemDescription>
      <UnitQty>מיליליטרים</UnitQty>
      <Quantity>700.00</Quantity>
      <bIsWeighted>0</bIsWeighted>
      <UnitOfMeasure>100 מ"ל</UnitOfMeasure>
      <QtyInPackage>1</QtyInPackage>
      <ItemPrice>84.90</ItemPrice>
      <UnitOfMeasurePrice>12.13</UnitOfMeasurePrice>
      <AllowDiscount>1</AllowDiscount>
      <ItemStatus>1</ItemStatus>
    </Item>
    <Item>
      <PriceUpdateDate>2024-11-28 08:03</PriceUpdateDate>
      <ItemCode>5204193820406</ItemCode>
      <ItemType>1</ItemType>
      <ItemName>פופ או טופס קלאסיק - פופקורן מלוח 85 גרם</ItemName>
      <ManufacturerName>לא ידוע</ManufacturerName>
      <ManufactureCountry>יוון</ManufactureCountry>
      <ManufacturerItemDescription>פופ או טופס קלאסיק -</ManufacturerItemDescription>
      <UnitQty>גרמים</UnitQty>
      <Quantity>85.00</Quantity>
      <bIsWeighted>0</bIsWeighted>
      <UnitOfMeasure>100 גרם</UnitOfMeasure>
      <QtyInPackage>1</QtyInPackage>
      <ItemPrice>11.50</ItemPrice>
      <UnitOfMeasurePrice>13.53</UnitOfMeasurePrice>
      <AllowDiscount>1</AllowDiscount>
      <ItemStatus>1</ItemStatus>
    </Item>
    <Item>
      <PriceUpdateDate>2024-12-01 14:38</PriceUpdateDate>
      <ItemCode>5204193846093</ItemCode>
      <ItemType>1</ItemType>
      <ItemName>גמבו- ציפס קראנצי שמנת שמיר לל"ג 90 גרם</ItemName>
      <ManufacturerName>לא ידוע</ManufacturerName>
      <ManufactureCountry>יוון</ManufactureCountry>
      <ManufacturerItemDescription>גמבו- ציפס קראנצי שמ</ManufacturerItemDescription>
      <UnitQty>גרמים</UnitQty>
      <Quantity>90.00</Quantity>
      <bIsWeighted>0</bIsWeighted>
      <UnitOfMeasure>100 גרם</UnitOfMeasure>
      <QtyInPackage>1</QtyInPackage>
      <ItemPrice>11.50</ItemPrice>
      <UnitOfMeasurePrice>12.78</UnitOfMeasurePrice>
      <AllowDiscount>1</AllowDiscount>
      <ItemStatus>1</ItemStatus>
    </Item>
    <Item>
      <PriceUpdateDate>2025-01-05 19:46</PriceUpdateDate>
      <ItemCode>5208049015343</ItemCode>
      <ItemType>1</ItemType>
      <ItemName>פאל מאל כחול ארוך סטרים פילטר חפיסה</ItemName>
      <ManufacturerName>לא ידוע</ManufacturerName>
      <ManufactureCountry>לא ידוע</ManufactureCountry>
      <ManufacturerItemDescription>פאל מאל כחול ארוך סט</ManufacturerItemDescription>
      <UnitQty>Unknown</UnitQty>
      <Quantity>0.00</Quantity>
      <bIsWeighted>0</bIsWeighted>
      <UnitOfMeasure>Unknown</UnitOfMeasure>
      <QtyInPackage>1</QtyInPackage>
      <ItemPrice>39.00</ItemPrice>
      <UnitOfMeasurePrice>39.00</UnitOfMeasurePrice>
      <AllowDiscount>1</AllowDiscount>
      <ItemStatus>1</ItemStatus>
    </Item>
    <Item>
      <PriceUpdateDate>2025-03-20 12:21</PriceUpdateDate>
      <ItemCode>52100002453</ItemCode>
      <ItemType>1</ItemType>
      <ItemName>תערובת תיבול לסטייק 96 גר</ItemName>
      <ManufacturerName>לא ידוע</ManufacturerName>
      <ManufactureCountry>ארה"ב</ManufactureCountry>
      <ManufacturerItemDescription>תערובת תיבול לסטייק </ManufacturerItemDescription>
      <UnitQty>גרמים</UnitQty>
      <Quantity>96.00</Quantity>
      <bIsWeighted>0</bIsWeighted>
      <UnitOfMeasure>100 גרם</UnitOfMeasure>
      <QtyInPackage>1</QtyInPackage>
      <ItemPrice>27.90</ItemPrice>
      <UnitOfMeasurePrice>29.06</UnitOfMeasurePrice>
      <AllowDiscount>1</AllowDiscount>
      <ItemStatus>1</ItemStatus>
    </Item>
    <Item>
      <PriceUpdateDate>2025-08-31 14:45</PriceUpdateDate>
      <ItemCode>52600751233</ItemCode>
      <ItemType>1</ItemType>
      <ItemName>פלאף - ממרח מרשמלו בטעם תות 213 גרם</ItemName>
      <ManufacturerName>לא ידוע</ManufacturerName>
      <ManufactureCountry>ארצות הברית</ManufactureCountry>
      <ManufacturerItemDescription>פלאף - ממרח מרשמלו ב</ManufacturerItemDescription>
      <UnitQty>גרמים</UnitQty>
      <Quantity>213.00</Quantity>
      <bIsWeighted>0</bIsWeighted>
      <UnitOfMeasure>100 גרם</UnitOfMeasure>
      <QtyInPackage>1</QtyInPackage>
      <ItemPrice>27.90</ItemPrice>
      <UnitOfMeasurePrice>13.10</UnitOfMeasurePrice>
      <AllowDiscount>1</AllowDiscount>
      <ItemStatus>1</ItemStatus>
    </Item>
    <Item>
      <PriceUpdateDate>2025-04-23 13:08</PriceUpdateDate>
      <ItemCode>5310002155024</ItemCode>
      <ItemType>1</ItemType>
      <ItemName>שוקו בננה ממתק מוקצף צ. שוקולד 238 גר</ItemName>
      <ManufacturerName>לא ידוע</ManufacturerName>
      <ManufactureCountry>מקדוניה</ManufactureCountry>
      <ManufacturerItemDescription>שוקו בננה ממתק מוקצף</ManufacturerItemDescription>
      <UnitQty>גרמים</UnitQty>
      <Quantity>238.00</Quantity>
      <bIsWeighted>0</bIsWeighted>
      <UnitOfMeasure>100 גרם</UnitOfMeasure>
      <QtyInPackage>1</QtyInPackage>
      <ItemPrice>25.90</ItemPrice>
      <UnitOfMeasurePrice>10.88</UnitOfMeasurePrice>
      <AllowDiscount>1</AllowDiscount>
      <ItemStatus>1</ItemStatus>
    </Item>
    <Item>
      <PriceUpdateDate>2025-05-23 08:09</PriceUpdateDate>
      <ItemCode>53219</ItemCode>
      <ItemType>1</ItemType>
      <ItemName>גבינה חריץ טל העמק 32% במשקל</ItemName>
      <ManufacturerName>לא ידוע</ManufacturerName>
      <ManufactureCountry>לא ידוע</ManufactureCountry>
      <ManufacturerItemDescription>גבינה טל העמק 32%   </ManufacturerItemDescription>
      <UnitQty>Unknown</UnitQty>
      <Quantity>0.00</Quantity>
      <bIsWeighted>1</bIsWeighted>
      <UnitOfMeasure>ק"ג</UnitOfMeasure>
      <QtyInPackage>0</QtyInPackage>
      <ItemPrice>86.00</ItemPrice>
      <UnitOfMeasurePrice>86.00</UnitOfMeasurePrice>
      <AllowDiscount>1</AllowDiscount>
      <ItemStatus>1</ItemStatus>
    </Item>
    <Item>
      <PriceUpdateDate>2025-09-16 12:36</PriceUpdateDate>
      <ItemCode>5400265022796</ItemCode>
      <ItemType>1</ItemType>
      <ItemName>המלט- שוקוליס דפדפי קריספי  125 גר</ItemName>
      <ManufacturerName>לא ידוע</ManufacturerName>
      <ManufactureCountry>לא ידוע</ManufactureCountry>
      <ManufacturerItemDescription>המלט- שוקוליס דפדפי </ManufacturerItemDescription>
      <UnitQty>גרמים</UnitQty>
      <Quantity>125.00</Quantity>
      <bIsWeighted>0</bIsWeighted>
      <UnitOfMeasure>100 גרם</UnitOfMeasure>
      <QtyInPackage>1</QtyInPackage>
      <ItemPrice>29.90</ItemPrice>
      <UnitOfMeasurePrice>23.92</UnitOfMeasurePrice>
      <AllowDiscount>1</AllowDiscount>
      <ItemStatus>1</ItemStatus>
    </Item>
    <Item>
      <PriceUpdateDate>2025-09-16 12:36</PriceUpdateDate>
      <ItemCode>5400265022819</ItemCode>
      <ItemType>1</ItemType>
      <ItemName>המלט- שוקוליס דפדפי אגוז קריספי  125 גר</ItemName>
      <ManufacturerName>לא ידוע</ManufacturerName>
      <ManufactureCountry>לא ידוע</ManufactureCountry>
      <ManufacturerItemDescription>המלט- שוקוליס דפדפי </ManufacturerItemDescription>
      <UnitQty>גרמים</UnitQty>
      <Quantity>125.00</Quantity>
      <bIsWeighted>0</bIsWeighted>
      <UnitOfMeasure>100 גרם</UnitOfMeasure>
      <QtyInPackage>1</QtyInPackage>
      <ItemPrice>29.90</ItemPrice>
      <UnitOfMeasurePrice>23.92</UnitOfMeasurePrice>
      <AllowDiscount>1</AllowDiscount>
      <ItemStatus>1</ItemStatus>
    </Item>
    <Item>
      <PriceUpdateDate>2025-01-30 07:56</PriceUpdateDate>
      <ItemCode>5400265024349</ItemCode>
      <ItemType>1</ItemType>
      <ItemName>המלט מאפה מבצק עלים מסוכר 250 גר</ItemName>
      <ManufacturerName>לא ידוע</ManufacturerName>
      <ManufactureCountry>לא ידוע</ManufactureCountry>
      <ManufacturerItemDescription>המלט מאפה מבצק עלים </ManufacturerItemDescription>
      <UnitQty>גרמים</UnitQty>
      <Quantity>250.00</Quantity>
      <bIsWeighted>0</bIsWeighted>
      <UnitOfMeasure>100 גרם</UnitOfMeasure>
      <QtyInPackage>1</QtyInPackage>
      <ItemPrice>16.50</ItemPrice>
      <UnitOfMeasurePrice>6.60</UnitOfMeasurePrice>
      <AllowDiscount>1</AllowDiscount>
      <ItemStatus>1</ItemStatus>
    </Item>
    <Item>
      <PriceUpdateDate>2023-01-03 23:29</PriceUpdateDate>
      <ItemCode>54051140</ItemCode>
      <ItemType>1</ItemType>
      <ItemName>אלפרו מעדן סויה בטעם וניל 125 גר * 4 יח</ItemName>
      <ManufacturerName>לא ידוע</ManufacturerName>
      <ManufactureCountry>לא ידוע</ManufactureCountry>
      <ManufacturerItemDescription>אלפרו מעדן סויה בטעם</ManufacturerItemDescription>
      <UnitQty>מיליליטרים</UnitQty>
      <Quantity>500.00</Quantity>
      <bIsWeighted>0</bIsWeighted>
      <UnitOfMeasure>100 מ"ל</UnitOfMeasure>
      <QtyInPackage>1</QtyInPackage>
      <ItemPrice>21.90</ItemPrice>
      <UnitOfMeasurePrice>4.38</UnitOfMeasurePrice>
      <AllowDiscount>1</AllowDiscount>
      <ItemStatus>1</ItemStatus>
    </Item>
    <Item>
      <PriceUpdateDate>2024-12-02 15:21</PriceUpdateDate>
      <ItemCode>5410041435702</ItemCode>
      <ItemType>1</ItemType>
      <ItemName>טוק קרקרים 100 גרם</ItemName>
      <ManufacturerName>לא ידוע</ManufacturerName>
      <ManufactureCountry>הונגריה</ManufactureCountry>
      <ManufacturerItemDescription>טוק קרקרים 100 גרם  </ManufacturerItemDescription>
      <UnitQty>גרמים</UnitQty>
      <Quantity>100.00</Quantity>
      <bIsWeighted>0</bIsWeighted>
      <UnitOfMeasure>100 גרם</UnitOfMeasure>
      <QtyInPackage>1</QtyInPackage>
      <ItemPrice>11.50</ItemPrice>
      <UnitOfMeasurePrice>11.50</UnitOfMeasurePrice>
      <AllowDiscount>1</AllowDiscount>
      <ItemStatus>1</ItemStatus>
    </Item>
    <Item>
      <PriceUpdateDate>2024-12-02 15:20</PriceUpdateDate>
      <ItemCode>5410041435900</ItemCode>
      <ItemType>1</ItemType>
      <ItemName>טוק קרקרים בתיבול פפריקה 100 גרם</ItemName>
      <ManufacturerName>לא ידוע</ManufacturerName>
      <ManufactureCountry>הונגריה</ManufactureCountry>
      <ManufacturerItemDescription>טוק קרקרים בתיבול פפ</ManufacturerItemDescription>
      <UnitQty>גרמים</UnitQty>
      <Quantity>100.00</Quantity>
      <bIsWeighted>0</bIsWeighted>
      <UnitOfMeasure>100 גרם</UnitOfMeasure>
      <QtyInPackage>1</QtyInPackage>
      <ItemPrice>11.50</ItemPrice>
      <UnitOfMeasurePrice>11.50</UnitOfMeasurePrice>
      <AllowDiscount>1</AllowDiscount>
      <ItemStatus>1</ItemStatus>
    </Item>
    <Item>
      <PriceUpdateDate>2025-01-30 07:56</PriceUpdateDate>
      <ItemCode>54100977601</ItemCode>
      <ItemType>1</ItemType>
      <ItemName>אופן פיט רוטב BBQ סמיך אוריגינל 510 גרם</ItemName>
      <ManufacturerName>לא ידוע</ManufacturerName>
      <ManufactureCountry>לא ידוע</ManufactureCountry>
      <ManufacturerItemDescription>אופן פיט רוטב BBQ סמ</ManufacturerItemDescription>
      <UnitQty>גרמים</UnitQty>
      <Quantity>510.00</Quantity>
      <bIsWeighted>0</bIsWeighted>
      <UnitOfMeasure>100 גרם</UnitOfMeasure>
      <QtyInPackage>1</QtyInPackage>
      <ItemPrice>22.90</ItemPrice>
      <UnitOfMeasurePrice>4.49</UnitOfMeasurePrice>
      <AllowDiscount>1</AllowDiscount>
      <ItemStatus>1</ItemStatus>
    </Item>
    <Item>
      <PriceUpdateDate>2025-08-13 14:50</PriceUpdateDate>
      <ItemCode>5410126003802</ItemCode>
      <ItemType>1</ItemType>
      <ItemName>לוטוס טבלת שוקולד חלב וספקולוס 180 גרם</ItemName>
      <ManufacturerName>לא ידוע</ManufacturerName>
      <ManufactureCountry />
      <ManufacturerItemDescription>לוטוס טבלת שוקולד חל</ManufacturerItemDescription>
      <UnitQty>גרמים</UnitQty>
      <Quantity>180.00</Quantity>
      <bIsWeighted>0</bIsWeighted>
      <UnitOfMeasure>100 גרם</UnitOfMeasure>
      <QtyInPackage>1</QtyInPackage>
      <ItemPrice>38.90</ItemPrice>
      <UnitOfMeasurePrice>21.61</UnitOfMeasurePrice>
      <AllowDiscount>1</AllowDiscount>
      <ItemStatus>1</ItemStatus>
    </Item>
    <Item>
      <PriceUpdateDate>2025-03-03 06:51</PriceUpdateDate>
      <ItemCode>5410126006377</ItemCode>
      <ItemType>1</ItemType>
      <ItemName>לוטוס עוגיות במילוי קרם וניל 150 גרם</ItemName>
      <ManufacturerName>לא ידוע</ManufacturerName>
      <ManufactureCountry />
      <ManufacturerItemDescription>לוטוס עוגיות במילוי </ManufacturerItemDescription>
      <UnitQty>גרמים</UnitQty>
      <Quantity>150.00</Quantity>
      <bIsWeighted>0</bIsWeighted>
      <UnitOfMeasure>100 גרם</UnitOfMeasure>
      <QtyInPackage>1</QtyInPackage>
      <ItemPrice>13.20</ItemPrice>
      <UnitOfMeasurePrice>8.80</UnitOfMeasurePrice>
      <AllowDiscount>1</AllowDiscount>
      <ItemStatus>1</ItemStatus>
    </Item>
    <Item>
      <PriceUpdateDate>2023-12-26 14:27</PriceUpdateDate>
      <ItemCode>5410126116953</ItemCode>
      <ItemType>1</ItemType>
      <ItemName>ממרח עוגיות לוטוס קרמל 400 גר</ItemName>
      <ManufacturerName>לא ידוע</ManufacturerName>
      <ManufactureCountry>לא ידוע</ManufactureCountry>
      <ManufacturerItemDescription>ממרח עוגיות לוטוס קר</ManufacturerItemDescription>
      <UnitQty>גרמים</UnitQty>
      <Quantity>400.00</Quantity>
      <bIsWeighted>0</bIsWeighted>
      <UnitOfMeasure>100 גרם</UnitOfMeasure>
      <QtyInPackage>1</QtyInPackage>
      <ItemPrice>27.90</ItemPrice>
      <UnitOfMeasurePrice>6.98</UnitOfMeasurePrice>
      <AllowDiscount>1</AllowDiscount>
      <ItemStatus>1</ItemStatus>
    </Item>
    <Item>
      <PriceUpdateDate>2023-07-10 17:15</PriceUpdateDate>
      <ItemCode>5410126716016</ItemCode>
      <ItemType>1</ItemType>
      <ItemName>ביסקויט קרמל לוטוס 250 גר</ItemName>
      <ManufacturerName>לא ידוע</ManufacturerName>
      <ManufactureCountry>לא ידוע</ManufactureCountry>
      <ManufacturerItemDescription>ביסקויט קרמל לוטוס 2</ManufacturerItemDescription>
      <UnitQty>גרמים</UnitQty>
      <Quantity>250.00</Quantity>
      <bIsWeighted>0</bIsWeighted>
      <UnitOfMeasure>100 גרם</UnitOfMeasure>
      <QtyInPackage>1</QtyInPackage>
      <ItemPrice>14.90</ItemPrice>
      <UnitOfMeasurePrice>5.96</UnitOfMeasurePrice>
      <AllowDiscount>1</AllowDiscount>
      <ItemStatus>1</ItemStatus>
    </Item>
    <Item>
      <PriceUpdateDate>2025-03-03 06:51</PriceUpdateDate>
      <ItemCode>5410126726244</ItemCode>
      <ItemType>1</ItemType>
      <ItemName>ביסקוויט קרמל לוטוס 14*2 217 גר</ItemName>
      <ManufacturerName>לא ידוע</ManufacturerName>
      <ManufactureCountry>בלגיה</ManufactureCountry>
      <ManufacturerItemDescription>ביסקוויט קרמל לוטוס </ManufacturerItemDescription>
      <UnitQty>גרמים</UnitQty>
      <Quantity>217.00</Quantity>
      <bIsWeighted>0</bIsWeighted>
      <UnitOfMeasure>100 גרם</UnitOfMeasure>
      <QtyInPackage>1</QtyInPackage>
      <ItemPrice>16.50</ItemPrice>
      <UnitOfMeasurePrice>7.60</UnitOfMeasurePrice>
      <AllowDiscount>1</AllowDiscount>
      <ItemStatus>1</ItemStatus>
    </Item>
    <Item>
      <PriceUpdateDate>2025-02-24 10:55</PriceUpdateDate>
      <ItemCode>5410291022738</ItemCode>
      <ItemType>1</ItemType>
      <ItemName>צוקטה ממרח אגוזי לוז קקאו-חום לבן 350 גר</ItemName>
      <ManufacturerName>לא ידוע</ManufacturerName>
      <ManufactureCountry>לא ידוע</ManufactureCountry>
      <ManufacturerItemDescription>צוקטה ממרח אגוזי לוז</ManufacturerItemDescription>
      <UnitQty>גרמים</UnitQty>
      <Quantity>350.00</Quantity>
      <bIsWeighted>0</bIsWeighted>
      <UnitOfMeasure>100 גרם</UnitOfMeasure>
      <QtyInPackage>1</QtyInPackage>
      <ItemPrice>17.50</ItemPrice>
      <UnitOfMeasurePrice>5.00</UnitOfMeasurePrice>
      <AllowDiscount>1</AllowDiscount>
      <ItemStatus>1</ItemStatus>
    </Item>
    <Item>
      <PriceUpdateDate>2024-04-20 09:08</PriceUpdateDate>
      <ItemCode>5410769200088</ItemCode>
      <ItemType>1</ItemType>
      <ItemName>בירה מק שוף 330 מ"ל בקבוק</ItemName>
      <ManufacturerName>לא ידוע</ManufacturerName>
      <ManufactureCountry>לא ידוע</ManufactureCountry>
      <ManufacturerItemDescription>בירה מק שוף 330 מ"ל </ManufacturerItemDescription>
      <UnitQty>מיליליטרים</UnitQty>
      <Quantity>330.00</Quantity>
      <bIsWeighted>0</bIsWeighted>
      <UnitOfMeasure>100 מ"ל</UnitOfMeasure>
      <QtyInPackage>1</QtyInPackage>
      <ItemPrice>15.90</ItemPrice>
      <UnitOfMeasurePrice>4.82</UnitOfMeasurePrice>
      <AllowDiscount>1</AllowDiscount>
      <ItemStatus>1</ItemStatus>
    </Item>
    <Item>
      <PriceUpdateDate>2024-04-20 09:08</PriceUpdateDate>
      <ItemCode>5410769800097</ItemCode>
      <ItemType>1</ItemType>
      <ItemName>בירה לה  צרי שוף 8% 330 מ"ל בקבוק</ItemName>
      <ManufacturerName>לא ידוע</ManufacturerName>
      <ManufactureCountry />
      <ManufacturerItemDescription>בירה לה צרי שוף 8%  </ManufacturerItemDescription>
      <UnitQty>מיליליטרים</UnitQty>
      <Quantity>330.00</Quantity>
      <bIsWeighted>0</bIsWeighted>
      <UnitOfMeasure>100 מ"ל</UnitOfMeasure>
      <QtyInPackage>1</QtyInPackage>
      <ItemPrice>15.90</ItemPrice>
      <UnitOfMeasurePrice>4.82</UnitOfMeasurePrice>
      <AllowDiscount>1</AllowDiscount>
      <ItemStatus>1</ItemStatus>
    </Item>
    <Item>
      <PriceUpdateDate>2023-03-15 14:43</PriceUpdateDate>
      <ItemCode>5410908000036</ItemCode>
      <ItemType>1</ItemType>
      <ItemName>בירה שימאי בלו 330 מ"ל</ItemName>
      <ManufacturerName>לא ידוע</ManufacturerName>
      <ManufactureCountry>לא ידוע</ManufactureCountry>
      <ManufacturerItemDescription>בירה שימאי בלו 330 מ</ManufacturerItemDescription>
      <UnitQty>מיליליטרים</UnitQty>
      <Quantity>330.00</Quantity>
      <bIsWeighted>0</bIsWeighted>
      <UnitOfMeasure>100 מ"ל</UnitOfMeasure>
      <QtyInPackage>1</QtyInPackage>
      <ItemPrice>23.90</ItemPrice>
      <UnitOfMeasurePrice>7.24</UnitOfMeasurePrice>
      <AllowDiscount>1</AllowDiscount>
      <ItemStatus>1</ItemStatus>
    </Item>
    <Item>
      <PriceUpdateDate>2025-03-06 18:50</PriceUpdateDate>
      <ItemCode>5411081003654</ItemCode>
      <ItemType>1</ItemType>
      <ItemName>בירה קסטיל רוז 330 מ"ל</ItemName>
      <ManufacturerName>לא ידוע</ManufacturerName>
      <ManufactureCountry>לא ידוע</ManufactureCountry>
      <ManufacturerItemDescription>בירה קסטיל רוז 330 מ</ManufacturerItemDescription>
      <UnitQty>מיליליטרים</UnitQty>
      <Quantity>330.00</Quantity>
      <bIsWeighted>0</bIsWeighted>
      <UnitOfMeasure>100 מ"ל</UnitOfMeasure>
      <QtyInPackage>1</QtyInPackage>
      <ItemPrice>13.90</ItemPrice>
      <UnitOfMeasurePrice>4.21</UnitOfMeasurePrice>
      <AllowDiscount>1</AllowDiscount>
      <ItemStatus>1</ItemStatus>
    </Item>
    <Item>
      <PriceUpdateDate>2024-01-08 10:29</PriceUpdateDate>
      <ItemCode>5411081003661</ItemCode>
      <ItemType>1</ItemType>
      <ItemName>בירה קסטיל רוז 750 מ"ל</ItemName>
      <ManufacturerName>לא ידוע</ManufacturerName>
      <ManufactureCountry>לא ידוע</ManufactureCountry>
      <ManufacturerItemDescription>בירה קסטיל רוז 750 מ</ManufacturerItemDescription>
      <UnitQty>מיליליטרים</UnitQty>
      <Quantity>750.00</Quantity>
      <bIsWeighted>0</bIsWeighted>
      <UnitOfMeasure>100 מ"ל</UnitOfMeasure>
      <QtyInPackage>1</QtyInPackage>
      <ItemPrice>46.90</ItemPrice>
      <UnitOfMeasurePrice>6.25</UnitOfMeasurePrice>
      <AllowDiscount>1</AllowDiscount>
      <ItemStatus>1</ItemStatus>
    </Item>
    <Item>
      <PriceUpdateDate>2025-03-02 17:37</PriceUpdateDate>
      <ItemCode>5411081008192</ItemCode>
      <ItemType>1</ItemType>
      <ItemName>בירה קסטיל רוז 330 מ"ל פחית</ItemName>
      <ManufacturerName>לא ידוע</ManufacturerName>
      <ManufactureCountry />
      <ManufacturerItemDescription>בירה קסטיל רוז 330 מ</ManufacturerItemDescription>
      <UnitQty>מיליליטרים</UnitQty>
      <Quantity>330.00</Quantity>
      <bIsWeighted>0</bIsWeighted>
      <UnitOfMeasure>100 מ"ל</UnitOfMeasure>
      <QtyInPackage>1</QtyInPackage>
      <ItemPrice>13.90</ItemPrice>
      <UnitOfMeasurePrice>4.21</UnitOfMeasurePrice>
      <AllowDiscount>1</AllowDiscount>
      <ItemStatus>1</ItemStatus>
    </Item>
    <Item>
      <PriceUpdateDate>2025-03-02 18:18</PriceUpdateDate>
      <ItemCode>5411081008420</ItemCode>
      <ItemType>1</ItemType>
      <ItemName>בירה בירה שושנע קסטיל 330 מ"ל</ItemName>
      <ManufacturerName>לא ידוע</ManufacturerName>
      <ManufactureCountry />
      <ManufacturerItemDescription>בירה בירה שושנע קסטי</ManufacturerItemDescription>
      <UnitQty>מיליליטרים</UnitQty>
      <Quantity>330.00</Quantity>
      <bIsWeighted>0</bIsWeighted>
      <UnitOfMeasure>100 מ"ל</UnitOfMeasure>
      <QtyInPackage>1</QtyInPackage>
      <ItemPrice>13.90</ItemPrice>
      <UnitOfMeasurePrice>4.21</UnitOfMeasurePrice>
      <AllowDiscount>1</AllowDiscount>
      <ItemStatus>1</ItemStatus>
    </Item>
    <Item>
      <PriceUpdateDate>2025-03-06 18:51</PriceUpdateDate>
      <ItemCode>5411081010508</ItemCode>
      <ItemType>1</ItemType>
      <ItemName>בירה קסטיל רובוס 6.8% 330 מ"ל</ItemName>
      <ManufacturerName>לא ידוע</ManufacturerName>
      <ManufactureCountry>בלגיה</ManufactureCountry>
      <ManufacturerItemDescription>בירה קסטיל רובוס 6.8</ManufacturerItemDescription>
      <UnitQty>מיליליטרים</UnitQty>
      <Quantity>330.00</Quantity>
      <bIsWeighted>0</bIsWeighted>
      <UnitOfMeasure>100 מ"ל</UnitOfMeasure>
      <QtyInPackage>1</QtyInPackage>
      <ItemPrice>13.90</ItemPrice>
      <UnitOfMeasurePrice>4.21</UnitOfMeasurePrice>
      <AllowDiscount>1</AllowDiscount>
      <ItemStatus>1</ItemStatus>
    </Item>
    <Item>
      <PriceUpdateDate>2023-01-04 00:04</PriceUpdateDate>
      <ItemCode>5411188110835</ItemCode>
      <ItemType>1</ItemType>
      <ItemName>אלפרו משקה שקדים 1 ליטר</ItemName>
      <ManufacturerName>לא ידוע</ManufacturerName>
      <ManufactureCountry>לא ידוע</ManufactureCountry>
      <ManufacturerItemDescription>אלפרו משקה שקדים 1 ל</ManufacturerItemDescription>
      <UnitQty>מיליליטרים</UnitQty>
      <Quantity>1000.00</Quantity>
      <bIsWeighted>0</bIsWeighted>
      <UnitOfMeasure>100 מ"ל</UnitOfMeasure>
      <QtyInPackage>1</QtyInPackage>
      <ItemPrice>17.90</ItemPrice>
      <UnitOfMeasurePrice>1.79</UnitOfMeasurePrice>
      <AllowDiscount>1</AllowDiscount>
      <ItemStatus>1</ItemStatus>
    </Item>
    <Item>
      <PriceUpdateDate>2023-02-28 19:20</PriceUpdateDate>
      <ItemCode>5411188112709</ItemCode>
      <ItemType>1</ItemType>
      <ItemName>אלפרו משקה שקדים ללא סוכר 1 ליטר</ItemName>
      <ManufacturerName>לא ידוע</ManufacturerName>
      <ManufactureCountry>לא ידוע</ManufactureCountry>
      <ManufacturerItemDescription>אלפרו משקה שקדים ללא</ManufacturerItemDescription>
      <UnitQty>מיליליטרים</UnitQty>
      <Quantity>1000.00</Quantity>
      <bIsWeighted>0</bIsWeighted>
      <UnitOfMeasure>100 מ"ל</UnitOfMeasure>
      <QtyInPackage>1</QtyInPackage>
      <ItemPrice>18.40</ItemPrice>
      <UnitOfMeasurePrice>1.84</UnitOfMeasurePrice>
      <AllowDiscount>1</AllowDiscount>
      <ItemStatus>1</ItemStatus>
    </Item>
    <Item>
      <PriceUpdateDate>2023-01-23 18:06</PriceUpdateDate>
      <ItemCode>5411188115472</ItemCode>
      <ItemType>1</ItemType>
      <ItemName>אלפרו משקה סויה 1 ליטר</ItemName>
      <ManufacturerName>לא ידוע</ManufacturerName>
      <ManufactureCountry>בלגיה</ManufactureCountry>
      <ManufacturerItemDescription>אלפרו משקה סויה 1 לי</ManufacturerItemDescription>
      <UnitQty>מיליליטרים</UnitQty>
      <Quantity>1000.00</Quantity>
      <bIsWeighted>0</bIsWeighted>
      <UnitOfMeasure>100 מ"ל</UnitOfMeasure>
      <QtyInPackage>1</QtyInPackage>
      <ItemPrice>18.40</ItemPrice>
      <UnitOfMeasurePrice>1.84</UnitOfMeasurePrice>
      <AllowDiscount>1</AllowDiscount>
      <ItemStatus>1</ItemStatus>
    </Item>
    <Item>
      <PriceUpdateDate>2023-02-19 14:49</PriceUpdateDate>
      <ItemCode>5411188124689</ItemCode>
      <ItemType>1</ItemType>
      <ItemName>אלפרו משקה שיבולת שועל לל"ס 1 ליטר</ItemName>
      <ManufacturerName>לא ידוע</ManufacturerName>
      <ManufactureCountry />
      <ManufacturerItemDescription>אלפרו משקה שיבולת שו</ManufacturerItemDescription>
      <UnitQty>מיליליטרים</UnitQty>
      <Quantity>1000.00</Quantity>
      <bIsWeighted>0</bIsWeighted>
      <UnitOfMeasure>100 מ"ל</UnitOfMeasure>
      <QtyInPackage>1</QtyInPackage>
      <ItemPrice>18.40</ItemPrice>
      <UnitOfMeasurePrice>1.84</UnitOfMeasurePrice>
      <AllowDiscount>1</AllowDiscount>
      <ItemStatus>1</ItemStatus>
    </Item>
    <Item>
      <PriceUpdateDate>2023-01-02 12:23</PriceUpdateDate>
      <ItemCode>5411188127697</ItemCode>
      <ItemType>1</ItemType>
      <ItemName>אלפרו בריסטה משקה שיבולת שועל 1 ליטר</ItemName>
      <ManufacturerName>לא ידוע</ManufacturerName>
      <ManufactureCountry>בלגיה</ManufactureCountry>
      <ManufacturerItemDescription>אלפרו בריסטה משקה שי</ManufacturerItemDescription>
      <UnitQty>מיליליטרים</UnitQty>
      <Quantity>1000.00</Quantity>
      <bIsWeighted>0</bIsWeighted>
      <UnitOfMeasure>100 מ"ל</UnitOfMeasure>
      <QtyInPackage>1</QtyInPackage>
      <ItemPrice>18.90</ItemPrice>
      <UnitOfMeasurePrice>1.89</UnitOfMeasurePrice>
      <AllowDiscount>1</AllowDiscount>
      <ItemStatus>1</ItemStatus>
    </Item>
    <Item>
      <PriceUpdateDate>2023-01-03 23:36</PriceUpdateDate>
      <ItemCode>5411188129899</ItemCode>
      <ItemType>1</ItemType>
      <ItemName>אלפרו בריסטה משקה שקדים 1 ליטר</ItemName>
      <ManufacturerName>לא ידוע</ManufacturerName>
      <ManufactureCountry>בלגיה</ManufactureCountry>
      <ManufacturerItemDescription>אלפרו בריסטה משקה שק</ManufacturerItemDescription>
      <UnitQty>מיליליטרים</UnitQty>
      <Quantity>1000.00</Quantity>
      <bIsWeighted>0</bIsWeighted>
      <UnitOfMeasure>100 מ"ל</UnitOfMeasure>
      <QtyInPackage>1</QtyInPackage>
      <ItemPrice>18.90</ItemPrice>
      <UnitOfMeasurePrice>1.89</UnitOfMeasurePrice>
      <AllowDiscount>1</AllowDiscount>
      <ItemStatus>1</ItemStatus>
    </Item>
    <Item>
      <PriceUpdateDate>2025-09-17 11:24</PriceUpdateDate>
      <ItemCode>5411188134985</ItemCode>
      <ItemType>1</ItemType>
      <ItemName>אלפרו 3.5% שומן שיבולת שועל NOT MILK 1 ל</ItemName>
      <ManufacturerName>לא ידוע</ManufacturerName>
      <ManufactureCountry>לא ידוע</ManufactureCountry>
      <ManufacturerItemDescription>אלפרו 3.5% שומן     </ManufacturerItemDescription>
      <UnitQty>מיליליטרים</UnitQty>
      <Quantity>1000.00</Quantity>
      <bIsWeighted>0</bIsWeighted>
      <UnitOfMeasure>100 מ"ל</UnitOfMeasure>
      <QtyInPackage>1</QtyInPackage>
      <ItemPrice>17.90</ItemPrice>
      <UnitOfMeasurePrice>1.79</UnitOfMeasurePrice>
      <AllowDiscount>1</AllowDiscount>
      <ItemStatus>1</ItemStatus>
    </Item>
    <Item>
      <PriceUpdateDate>2025-09-17 11:24</PriceUpdateDate>
      <ItemCode>5411188135005</ItemCode>
      <ItemType>1</ItemType>
      <ItemName>אלפרו 1.8% שומן שיבולת שועל NOT MILK 1 ל</ItemName>
      <ManufacturerName>לא ידוע</ManufacturerName>
      <ManufactureCountry>לא ידוע</ManufactureCountry>
      <ManufacturerItemDescription>אלפרו 1.8% שומן     </ManufacturerItemDescription>
      <UnitQty>מיליליטרים</UnitQty>
      <Quantity>1000.00</Quantity>
      <bIsWeighted>0</bIsWeighted>
      <UnitOfMeasure>100 מ"ל</UnitOfMeasure>
      <QtyInPackage>1</QtyInPackage>
      <ItemPrice>17.90</ItemPrice>
      <UnitOfMeasurePrice>1.79</UnitOfMeasurePrice>
      <AllowDiscount>1</AllowDiscount>
      <ItemStatus>1</ItemStatus>
    </Item>
    <Item>
      <PriceUpdateDate>2023-01-23 18:06</PriceUpdateDate>
      <ItemCode>5411188543398</ItemCode>
      <ItemType>1</ItemType>
      <ItemName>אלפרו משקה סויה ללא סוכר 1 ליטר</ItemName>
      <ManufacturerName>לא ידוע</ManufacturerName>
      <ManufactureCountry>בלגיה</ManufactureCountry>
      <ManufacturerItemDescription>אלפרו משקה סויה ללא </ManufacturerItemDescription>
      <UnitQty>מיליליטרים</UnitQty>
      <Quantity>1000.00</Quantity>
      <bIsWeighted>0</bIsWeighted>
      <UnitOfMeasure>100 מ"ל</UnitOfMeasure>
      <QtyInPackage>1</QtyInPackage>
      <ItemPrice>18.40</ItemPrice>
      <UnitOfMeasurePrice>1.84</UnitOfMeasurePrice>
      <AllowDiscount>1</AllowDiscount>
      <ItemStatus>1</ItemStatus>
    </Item>
    <Item>
      <PriceUpdateDate>2024-06-22 18:00</PriceUpdateDate>
      <ItemCode>5411616002190</ItemCode>
      <ItemType>1</ItemType>
      <ItemName>בירה STRONG מרטינס  8.5% כהל 500 מ"ל</ItemName>
      <ManufacturerName>לא ידוע</ManufacturerName>
      <ManufactureCountry>לא ידוע</ManufactureCountry>
      <ManufacturerItemDescription>בירה STRONG מרטינס  </ManufacturerItemDescription>
      <UnitQty>מיליליטרים</UnitQty>
      <Quantity>500.00</Quantity>
      <bIsWeighted>0</bIsWeighted>
      <UnitOfMeasure>100 מ"ל</UnitOfMeasure>
      <QtyInPackage>1</QtyInPackage>
      <ItemPrice>8.90</ItemPrice>
      <UnitOfMeasurePrice>1.78</UnitOfMeasurePrice>
      <AllowDiscount>1</AllowDiscount>
      <ItemStatus>1</ItemStatus>
    </Item>
    <Item>
      <PriceUpdateDate>2024-07-17 08:35</PriceUpdateDate>
      <ItemCode>5411616005887</ItemCode>
      <ItemType>1</ItemType>
      <ItemName>בירה WHEAT מרטנס  4.8% כהל 500 מ"ל</ItemName>
      <ManufacturerName>לא ידוע</ManufacturerName>
      <ManufactureCountry>IL</ManufactureCountry>
      <ManufacturerItemDescription>בירה WHEAT מרטנס  4.</ManufacturerItemDescription>
      <UnitQty>מיליליטרים</UnitQty>
      <Quantity>500.00</Quantity>
      <bIsWeighted>0</bIsWeighted>
      <UnitOfMeasure>100 מ"ל</UnitOfMeasure>
      <QtyInPackage>1</QtyInPackage>
      <ItemPrice>9.90</ItemPrice>
      <UnitOfMeasurePrice>1.98</UnitOfMeasurePrice>
      <AllowDiscount>1</AllowDiscount>
      <ItemStatus>1</ItemStatus>
    </Item>
    <Item>
      <PriceUpdateDate>2024-07-17 08:35</PriceUpdateDate>
      <ItemCode>5411616133245</ItemCode>
      <ItemType>1</ItemType>
      <ItemName>בירה מרטנס 500 מ"ל-פחית</ItemName>
      <ManufacturerName>לא ידוע</ManufacturerName>
      <ManufactureCountry>לא ידוע</ManufactureCountry>
      <ManufacturerItemDescription>בירה מרטנס 500 מ"ל-פ</ManufacturerItemDescription>
      <UnitQty>מיליליטרים</UnitQty>
      <Quantity>500.00</Quantity>
      <bIsWeighted>0</bIsWeighted>
      <UnitOfMeasure>100 מ"ל</UnitOfMeasure>
      <QtyInPackage>1</QtyInPackage>
      <ItemPrice>8.90</ItemPrice>
      <UnitOfMeasurePrice>1.78</UnitOfMeasurePrice>
      <AllowDiscount>1</AllowDiscount>
      <ItemStatus>1</ItemStatus>
    </Item>
    <Item>
      <PriceUpdateDate>2024-07-17 08:36</PriceUpdateDate>
      <ItemCode>5411616148546</ItemCode>
      <ItemType>1</ItemType>
      <ItemName>בירה מרטינס גולד 500 מ"ל-פחית</ItemName>
      <ManufacturerName>לא ידוע</ManufacturerName>
      <ManufactureCountry>לא ידוע</ManufactureCountry>
      <ManufacturerItemDescription>בירה מרטינס גולד 500</ManufacturerItemDescription>
      <UnitQty>מיליליטרים</UnitQty>
      <Quantity>500.00</Quantity>
      <bIsWeighted>0</bIsWeighted>
      <UnitOfMeasure>100 מ"ל</UnitOfMeasure>
      <QtyInPackage>1</QtyInPackage>
      <ItemPrice>8.90</ItemPrice>
      <UnitOfMeasurePrice>1.78</UnitOfMeasurePrice>
      <AllowDiscount>1</AllowDiscount>
      <ItemStatus>1</ItemStatus>
    </Item>
    <Item>
      <PriceUpdateDate>2025-06-06 05:57</PriceUpdateDate>
      <ItemCode>5413121359769</ItemCode>
      <ItemType>1</ItemType>
      <ItemName>בלגיאן - צדפי שוקולד בלגי 195 גר</ItemName>
      <ManufacturerName>לא ידוע</ManufacturerName>
      <ManufactureCountry>לא ידוע</ManufactureCountry>
      <ManufacturerItemDescription>בלגיאן - צדפי שוקולד</ManufacturerItemDescription>
      <UnitQty>גרמים</UnitQty>
      <Quantity>195.00</Quantity>
      <bIsWeighted>0</bIsWeighted>
      <UnitOfMeasure>100 גרם</UnitOfMeasure>
      <QtyInPackage>1</QtyInPackage>
      <ItemPrice>28.90</ItemPrice>
      <UnitOfMeasurePrice>14.82</UnitOfMeasurePrice>
      <AllowDiscount>1</AllowDiscount>
      <ItemStatus>1</ItemStatus>
    </Item>
    <Item>
      <PriceUpdateDate>2025-09-05 09:14</PriceUpdateDate>
      <ItemCode>5413121359998</ItemCode>
      <ItemType>1</ItemType>
      <ItemName>שוקולד מריר שקד ללת"ס בלגיאן 100 גר</ItemName>
      <ManufacturerName>לא ידוע</ManufacturerName>
      <ManufactureCountry>לא ידוע</ManufactureCountry>
      <ManufacturerItemDescription>שוקולד מריר שקד ללת"</ManufacturerItemDescription>
      <UnitQty>גרמים</UnitQty>
      <Quantity>100.00</Quantity>
      <bIsWeighted>0</bIsWeighted>
      <UnitOfMeasure>100 גרם</UnitOfMeasure>
      <QtyInPackage>1</QtyInPackage>
      <ItemPrice>25.90</ItemPrice>
      <UnitOfMeasurePrice>25.90</UnitOfMeasurePrice>
      <AllowDiscount>1</AllowDiscount>
      <ItemStatus>1</ItemStatus>
    </Item>
    <Item>
      <PriceUpdateDate>2025-06-06 05:56</PriceUpdateDate>
      <ItemCode>5413121360055</ItemCode>
      <ItemType>1</ItemType>
      <ItemName>בלגיאן-טראפלס שוקולד אגוזים 200 גרם</ItemName>
      <ManufacturerName>לא ידוע</ManufacturerName>
      <ManufactureCountry>לא ידוע</ManufactureCountry>
      <ManufacturerItemDescription>בלגיאן-טראפלס שוקולד</ManufacturerItemDescription>
      <UnitQty>גרמים</UnitQty>
      <Quantity>200.00</Quantity>
      <bIsWeighted>0</bIsWeighted>
      <UnitOfMeasure>100 גרם</UnitOfMeasure>
      <QtyInPackage>1</QtyInPackage>
      <ItemPrice>22.90</ItemPrice>
      <UnitOfMeasurePrice>11.45</UnitOfMeasurePrice>
      <AllowDiscount>1</AllowDiscount>
      <ItemStatus>1</ItemStatus>
    </Item>
    <Item>
      <PriceUpdateDate>2024-12-02 15:19</PriceUpdateDate>
      <ItemCode>5413149655522</ItemCode>
      <ItemType>1</ItemType>
      <ItemName>אריאל שושן צחור 1.25 ק"ג</ItemName>
      <ManufacturerName>לא ידוע</ManufacturerName>
      <ManufactureCountry>לא ידוע</ManufactureCountry>
      <ManufacturerItemDescription>אריאל שושן צחור 1.25</ManufacturerItemDescription>
      <UnitQty>קילוגרמים</UnitQty>
      <Quantity>0.00</Quantity>
      <bIsWeighted>0</bIsWeighted>
      <UnitOfMeasure>ק"ג</UnitOfMeasure>
      <QtyInPackage>1</QtyInPackage>
      <ItemPrice>27.90</ItemPrice>
      <UnitOfMeasurePrice>27.90</UnitOfMeasurePrice>
      <AllowDiscount>1</AllowDiscount>
      <ItemStatus>1</ItemStatus>
    </Item>
    <Item>
      <PriceUpdateDate>2025-08-20 12:56</PriceUpdateDate>
      <ItemCode>5413548280585</ItemCode>
      <ItemType>1</ItemType>
      <ItemName>קינדר שוקובון 200 גר</ItemName>
      <ManufacturerName>לא ידוע</ManufacturerName>
      <ManufactureCountry>BE</ManufactureCountry>
      <ManufacturerItemDescription>קינדר שוקובונס 200 ג</ManufacturerItemDescription>
      <UnitQty>גרמים</UnitQty>
      <Quantity>200.00</Quantity>
      <bIsWeighted>0</bIsWeighted>
      <UnitOfMeasure>100 גרם</UnitOfMeasure>
      <QtyInPackage>1</QtyInPackage>
      <ItemPrice>26.90</ItemPrice>
      <UnitOfMeasurePrice>13.45</UnitOfMeasurePrice>
      <AllowDiscount>1</AllowDiscount>
      <ItemStatus>1</ItemStatus>
    </Item>
    <Item>
      <PriceUpdateDate>2024-07-17 08:34</PriceUpdateDate>
      <ItemCode>5420066330210</ItemCode>
      <ItemType>1</ItemType>
      <ItemName>ביאנקה טרופל קקאו באריזת כסף 175 גר</ItemName>
      <ManufacturerName>לא ידוע</ManufacturerName>
      <ManufactureCountry>לא ידוע</ManufactureCountry>
      <ManufacturerItemDescription>ביאנקה טרופל קקאו בא</ManufacturerItemDescription>
      <UnitQty>גרמים</UnitQty>
      <Quantity>175.00</Quantity>
      <bIsWeighted>0</bIsWeighted>
      <UnitOfMeasure>100 גרם</UnitOfMeasure>
      <QtyInPackage>1</QtyInPackage>
      <ItemPrice>19.90</ItemPrice>
      <UnitOfMeasurePrice>11.37</UnitOfMeasurePrice>
      <AllowDiscount>1</AllowDiscount>
      <ItemStatus>1</ItemStatus>
    </Item>
    <Item>
      <PriceUpdateDate>2024-10-28 17:52</PriceUpdateDate>
      <ItemCode>5420066330760</ItemCode>
      <ItemType>1</ItemType>
      <ItemName>ביאנקה-טרופל בטעם שמפניה 150 גרם</ItemName>
      <ManufacturerName>לא ידוע</ManufacturerName>
      <ManufactureCountry>בלגיה</ManufactureCountry>
      <ManufacturerItemDescription>ביאנקה-טרופל בטעם שמ</ManufacturerItemDescription>
      <UnitQty>גרמים</UnitQty>
      <Quantity>150.00</Quantity>
      <bIsWeighted>0</bIsWeighted>
      <UnitOfMeasure>100 גרם</UnitOfMeasure>
      <QtyInPackage>1</QtyInPackage>
      <ItemPrice>17.90</ItemPrice>
      <UnitOfMeasurePrice>11.93</UnitOfMeasurePrice>
      <AllowDiscount>1</AllowDiscount>
      <ItemStatus>1</ItemStatus>
    </Item>
    <Item>
      <PriceUpdateDate>2025-02-24 11:00</PriceUpdateDate>
      <ItemCode>5425027895371</ItemCode>
      <ItemType>1</ItemType>
      <ItemName>ציפס אמריקאי 7 מ"מ בארטס גורמה 2.5 ק"ג</ItemName>
      <ManufacturerName>לא ידוע</ManufacturerName>
      <ManufactureCountry>BE</ManufactureCountry>
      <ManufacturerItemDescription>ציפס אמריקאי 7 מ"מ ב</ManufacturerItemDescription>
      <UnitQty>קילוגרמים</UnitQty>
      <Quantity>0.00</Quantity>
      <bIsWeighted>0</bIsWeighted>
      <UnitOfMeasure>ק"ג</UnitOfMeasure>
      <QtyInPackage>1</QtyInPackage>
      <ItemPrice>57.90</ItemPrice>
      <UnitOfMeasurePrice>57.90</UnitOfMeasurePrice>
      <AllowDiscount>1</AllowDiscount>
      <ItemStatus>1</ItemStatus>
    </Item>
    <Item>
      <PriceUpdateDate>2025-10-23 05:39</PriceUpdateDate>
      <ItemCode>54881017855</ItemCode>
      <ItemType>1</ItemType>
      <ItemName>תה שחור צאי אחמד תה 20 שקיקים</ItemName>
      <ManufacturerName>לא ידוע</ManufacturerName>
      <ManufactureCountry />
      <ManufacturerItemDescription>תה שחור צאי אחמד תה </ManufacturerItemDescription>
      <UnitQty>גרמים</UnitQty>
      <Quantity>40.00</Quantity>
      <bIsWeighted>0</bIsWeighted>
      <UnitOfMeasure>100 גרם</UnitOfMeasure>
      <QtyInPackage>1</QtyInPackage>
      <ItemPrice>14.70</ItemPrice>
      <UnitOfMeasurePrice>36.75</UnitOfMeasurePrice>
      <AllowDiscount>1</AllowDiscount>
      <ItemStatus>1</ItemStatus>
    </Item>
    <Item>
      <PriceUpdateDate>2025-03-11 08:22</PriceUpdateDate>
      <ItemCode>55369902564</ItemCode>
      <ItemType>1</ItemType>
      <ItemName>רסק תפו"ע ללת"ס רביעיות 113 גרם</ItemName>
      <ManufacturerName>לא ידוע</ManufacturerName>
      <ManufactureCountry>לא ידוע</ManufactureCountry>
      <ManufacturerItemDescription>רסק תפו"ע ללת"ס רביע</ManufacturerItemDescription>
      <UnitQty>גרמים</UnitQty>
      <Quantity>113.00</Quantity>
      <bIsWeighted>0</bIsWeighted>
      <UnitOfMeasure>100 גרם</UnitOfMeasure>
      <QtyInPackage>1</QtyInPackage>
      <ItemPrice>22.90</ItemPrice>
      <UnitOfMeasurePrice>20.27</UnitOfMeasurePrice>
      <AllowDiscount>1</AllowDiscount>
      <ItemStatus>1</ItemStatus>
    </Item>
    <Item>
      <PriceUpdateDate>2025-07-10 11:36</PriceUpdateDate>
      <ItemCode>554754</ItemCode>
      <ItemType>1</ItemType>
      <ItemName>מוצרלה במים קטן במשקל</ItemName>
      <ManufacturerName>לא ידוע</ManufacturerName>
      <ManufactureCountry>ישראל</ManufactureCountry>
      <ManufacturerItemDescription>מוצרלה קטן במשקל    </ManufacturerItemDescription>
      <UnitQty>Unknown</UnitQty>
      <Quantity>0.00</Quantity>
      <bIsWeighted>1</bIsWeighted>
      <UnitOfMeasure>ק"ג</UnitOfMeasure>
      <QtyInPackage>0</QtyInPackage>
      <ItemPrice>129.00</ItemPrice>
      <UnitOfMeasurePrice>129.00</UnitOfMeasurePrice>
      <AllowDiscount>1</AllowDiscount>
      <ItemStatus>1</ItemStatus>
    </Item>
    <Item>
      <PriceUpdateDate>2025-07-10 11:35</PriceUpdateDate>
      <ItemCode>554792</ItemCode>
      <ItemType>1</ItemType>
      <ItemName>בולגרית מעודנת 5% במשקל</ItemName>
      <ManufacturerName>לא ידוע</ManufacturerName>
      <ManufactureCountry>IL</ManufactureCountry>
      <ManufacturerItemDescription>בולגרית מעודנת 5%   </ManufacturerItemDescription>
      <UnitQty>Unknown</UnitQty>
      <Quantity>0.00</Quantity>
      <bIsWeighted>1</bIsWeighted>
      <UnitOfMeasure>ק"ג</UnitOfMeasure>
      <QtyInPackage>0</QtyInPackage>
      <ItemPrice>80.00</ItemPrice>
      <UnitOfMeasurePrice>80.00</UnitOfMeasurePrice>
      <AllowDiscount>1</AllowDiscount>
      <ItemStatus>1</ItemStatus>
    </Item>
    <Item>
      <PriceUpdateDate>2025-07-10 11:36</PriceUpdateDate>
      <ItemCode>554815</ItemCode>
      <ItemType>1</ItemType>
      <ItemName>מוצרלה טבעית במשקל</ItemName>
      <ManufacturerName>לא ידוע</ManufacturerName>
      <ManufactureCountry>ישראל</ManufactureCountry>
      <ManufacturerItemDescription>מוצרלה טבעית במשקל  </ManufacturerItemDescription>
      <UnitQty>Unknown</UnitQty>
      <Quantity>0.00</Quantity>
      <bIsWeighted>1</bIsWeighted>
      <UnitOfMeasure>ק"ג</UnitOfMeasure>
      <QtyInPackage>0</QtyInPackage>
      <ItemPrice>109.00</ItemPrice>
      <UnitOfMeasurePrice>109.00</UnitOfMeasurePrice>
      <AllowDiscount>1</AllowDiscount>
      <ItemStatus>1</ItemStatus>
    </Item>
    <Item>
      <PriceUpdateDate>2025-07-10 11:37</PriceUpdateDate>
      <ItemCode>554969</ItemCode>
      <ItemType>1</ItemType>
      <ItemName>גבינת שמנת 30% טבעי</ItemName>
      <ManufacturerName>לא ידוע</ManufacturerName>
      <ManufactureCountry>ישראל</ManufactureCountry>
      <ManufacturerItemDescription>גבינת שמנת 30% טבעי </ManufacturerItemDescription>
      <UnitQty>Unknown</UnitQty>
      <Quantity>0.00</Quantity>
      <bIsWeighted>1</bIsWeighted>
      <UnitOfMeasure>ק"ג</UnitOfMeasure>
      <QtyInPackage>0</QtyInPackage>
      <ItemPrice>67.00</ItemPrice>
      <UnitOfMeasurePrice>67.00</UnitOfMeasurePrice>
      <AllowDiscount>1</AllowDiscount>
      <ItemStatus>1</ItemStatus>
    </Item>
    <Item>
      <PriceUpdateDate>2025-07-10 11:21</PriceUpdateDate>
      <ItemCode>554990</ItemCode>
      <ItemType>1</ItemType>
      <ItemName>מוצרלה כדורים גדולים במשקל</ItemName>
      <ManufacturerName>לא ידוע</ManufacturerName>
      <ManufactureCountry>ישראל</ManufactureCountry>
      <ManufacturerItemDescription>כדורי מוצרלה במשקל  </ManufacturerItemDescription>
      <UnitQty>Unknown</UnitQty>
      <Quantity>0.00</Quantity>
      <bIsWeighted>1</bIsWeighted>
      <UnitOfMeasure>ק"ג</UnitOfMeasure>
      <QtyInPackage>0</QtyInPackage>
      <ItemPrice>129.00</ItemPrice>
      <UnitOfMeasurePrice>129.00</UnitOfMeasurePrice>
      <AllowDiscount>1</AllowDiscount>
      <ItemStatus>1</ItemStatus>
    </Item>
    <Item>
      <PriceUpdateDate>2024-07-17 08:35</PriceUpdateDate>
      <ItemCode>5601012008562</ItemCode>
      <ItemType>1</ItemType>
      <ItemName>יין סילק אנד ספייס לבן 750 מ"ל</ItemName>
      <ManufacturerName>לא ידוע</ManufacturerName>
      <ManufactureCountry>PT</ManufactureCountry>
      <ManufacturerItemDescription>יין סילק אנד ספייס ל</ManufacturerItemDescription>
      <UnitQty>Unknown</UnitQty>
      <Quantity>0.00</Quantity>
      <bIsWeighted>0</bIsWeighted>
      <UnitOfMeasure>Unknown</UnitOfMeasure>
      <QtyInPackage>1</QtyInPackage>
      <ItemPrice>69.90</ItemPrice>
      <UnitOfMeasurePrice>69.90</UnitOfMeasurePrice>
      <AllowDiscount>1</AllowDiscount>
      <ItemStatus>1</ItemStatus>
    </Item>
    <Item>
      <PriceUpdateDate>2024-07-17 08:32</PriceUpdateDate>
      <ItemCode>5601012008579</ItemCode>
      <ItemType>1</ItemType>
      <ItemName>יין סילק אנד ספייס רוז 750 מ"ל</ItemName>
      <ManufacturerName>לא ידוע</ManufacturerName>
      <ManufactureCountry>PT</ManufactureCountry>
      <ManufacturerItemDescription>יין סילק אנד ספייס ר</ManufacturerItemDescription>
      <UnitQty>Unknown</UnitQty>
      <Quantity>0.00</Quantity>
      <bIsWeighted>0</bIsWeighted>
      <UnitOfMeasure>Unknown</UnitOfMeasure>
      <QtyInPackage>1</QtyInPackage>
      <ItemPrice>69.90</ItemPrice>
      <UnitOfMeasurePrice>69.90</UnitOfMeasurePrice>
      <AllowDiscount>1</AllowDiscount>
      <ItemStatus>1</ItemStatus>
    </Item>
    <Item>
      <PriceUpdateDate>2024-07-17 08:35</PriceUpdateDate>
      <ItemCode>5601012008586</ItemCode>
      <ItemType>1</ItemType>
      <ItemName>סילק אנד ספייס סילק רוט 750 מ"ל</ItemName>
      <ManufacturerName>לא ידוע</ManufacturerName>
      <ManufactureCountry>PT</ManufactureCountry>
      <ManufacturerItemDescription>סילק אנד ספייס סילק </ManufacturerItemDescription>
      <UnitQty>Unknown</UnitQty>
      <Quantity>0.00</Quantity>
      <bIsWeighted>0</bIsWeighted>
      <UnitOfMeasure>Unknown</UnitOfMeasure>
      <QtyInPackage>1</QtyInPackage>
      <ItemPrice>69.90</ItemPrice>
      <UnitOfMeasurePrice>69.90</UnitOfMeasurePrice>
      <AllowDiscount>1</AllowDiscount>
      <ItemStatus>1</ItemStatus>
    </Item>
    <Item>
      <PriceUpdateDate>2024-01-08 10:28</PriceUpdateDate>
      <ItemCode>5601012045505</ItemCode>
      <ItemType>1</ItemType>
      <ItemName>יין גאזלה 750 מ"ל</ItemName>
      <ManufacturerName>לא ידוע</ManufacturerName>
      <ManufactureCountry />
      <ManufacturerItemDescription>יין גאזלה 750 מ"ל   </ManufacturerItemDescription>
      <UnitQty>Unknown</UnitQty>
      <Quantity>0.00</Quantity>
      <bIsWeighted>0</bIsWeighted>
      <UnitOfMeasure>Unknown</UnitOfMeasure>
      <QtyInPackage>1</QtyInPackage>
      <ItemPrice>46.90</ItemPrice>
      <UnitOfMeasurePrice>46.90</UnitOfMeasurePrice>
      <AllowDiscount>1</AllowDiscount>
      <ItemStatus>1</ItemStatus>
    </Item>
    <Item>
      <PriceUpdateDate>2024-07-07 16:48</PriceUpdateDate>
      <ItemCode>5601012837636</ItemCode>
      <ItemType>1</ItemType>
      <ItemName>יין סילק אנד ספייס אדום 750 מ"ל</ItemName>
      <ManufacturerName>לא ידוע</ManufacturerName>
      <ManufactureCountry />
      <ManufacturerItemDescription>יין סילק אנד ספייס א</ManufacturerItemDescription>
      <UnitQty>Unknown</UnitQty>
      <Quantity>0.00</Quantity>
      <bIsWeighted>0</bIsWeighted>
      <UnitOfMeasure>Unknown</UnitOfMeasure>
      <QtyInPackage>1</QtyInPackage>
      <ItemPrice>69.90</ItemPrice>
      <UnitOfMeasurePrice>69.90</UnitOfMeasurePrice>
      <AllowDiscount>1</AllowDiscount>
      <ItemStatus>1</ItemStatus>
    </Item>
    <Item>
      <PriceUpdateDate>2025-01-15 10:18</PriceUpdateDate>
      <ItemCode>5601083653104</ItemCode>
      <ItemType>1</ItemType>
      <ItemName>יין סנדמאן פורט פאונדרס רזרב 750 מל</ItemName>
      <ManufacturerName>לא ידוע</ManufacturerName>
      <ManufactureCountry>לא ידוע</ManufactureCountry>
      <ManufacturerItemDescription>סנדמאן פורט פאונדרס </ManufacturerItemDescription>
      <UnitQty>Unknown</UnitQty>
      <Quantity>0.00</Quantity>
      <bIsWeighted>0</bIsWeighted>
      <UnitOfMeasure>Unknown</UnitOfMeasure>
      <QtyInPackage>1</QtyInPackage>
      <ItemPrice>89.90</ItemPrice>
      <UnitOfMeasurePrice>89.90</UnitOfMeasurePrice>
      <AllowDiscount>1</AllowDiscount>
      <ItemStatus>1</ItemStatus>
    </Item>
    <Item>
      <PriceUpdateDate>2024-01-22 16:56</PriceUpdateDate>
      <ItemCode>5601996023780</ItemCode>
      <ItemType>1</ItemType>
      <ItemName>יין פורטה 6 רוזה 750 מ"ל</ItemName>
      <ManufacturerName>לא ידוע</ManufacturerName>
      <ManufactureCountry>פורטוגל</ManufactureCountry>
      <ManufacturerItemDescription>יין פורטה 6 רוזה 750</ManufacturerItemDescription>
      <UnitQty>Unknown</UnitQty>
      <Quantity>0.00</Quantity>
      <bIsWeighted>0</bIsWeighted>
      <UnitOfMeasure>Unknown</UnitOfMeasure>
      <QtyInPackage>1</QtyInPackage>
      <ItemPrice>54.90</ItemPrice>
      <UnitOfMeasurePrice>54.90</UnitOfMeasurePrice>
      <AllowDiscount>1</AllowDiscount>
      <ItemStatus>1</ItemStatus>
    </Item>
    <Item>
      <PriceUpdateDate>2024-01-22 16:52</PriceUpdateDate>
      <ItemCode>5601996355485</ItemCode>
      <ItemType>1</ItemType>
      <ItemName>יין פורטה 6 לבן 750 מ"ל</ItemName>
      <ManufacturerName>לא ידוע</ManufacturerName>
      <ManufactureCountry>פורטוגל</ManufactureCountry>
      <ManufacturerItemDescription>יין פורטה 6 לבן 750 </ManufacturerItemDescription>
      <UnitQty>Unknown</UnitQty>
      <Quantity>0.00</Quantity>
      <bIsWeighted>0</bIsWeighted>
      <UnitOfMeasure>Unknown</UnitOfMeasure>
      <QtyInPackage>1</QtyInPackage>
      <ItemPrice>54.90</ItemPrice>
      <UnitOfMeasurePrice>54.90</UnitOfMeasurePrice>
      <AllowDiscount>1</AllowDiscount>
      <ItemStatus>1</ItemStatus>
    </Item>
    <Item>
      <PriceUpdateDate>2024-01-22 16:52</PriceUpdateDate>
      <ItemCode>5601996547897</ItemCode>
      <ItemType>1</ItemType>
      <ItemName>יין פורטה 6 אדום 750 מ"ל</ItemName>
      <ManufacturerName>לא ידוע</ManufacturerName>
      <ManufactureCountry>פורטוגל</ManufactureCountry>
      <ManufacturerItemDescription>יין פורטה 6 אדום 750</ManufacturerItemDescription>
      <UnitQty>Unknown</UnitQty>
      <Quantity>0.00</Quantity>
      <bIsWeighted>0</bIsWeighted>
      <UnitOfMeasure>Unknown</UnitOfMeasure>
      <QtyInPackage>1</QtyInPackage>
      <ItemPrice>54.90</ItemPrice>
      <UnitOfMeasurePrice>54.90</UnitOfMeasurePrice>
      <AllowDiscount>1</AllowDiscount>
      <ItemStatus>1</ItemStatus>
    </Item>
    <Item>
      <PriceUpdateDate>2024-12-25 13:32</PriceUpdateDate>
      <ItemCode>5604449959100</ItemCode>
      <ItemType>1</ItemType>
      <ItemName>בי פט פטה עוף לחתול </ItemName>
      <ManufacturerName>לא ידוע</ManufacturerName>
      <ManufactureCountry>לא ידוע</ManufactureCountry>
      <ManufacturerItemDescription>בי פט פטה עוף לחתול </ManufacturerItemDescription>
      <UnitQty>גרמים</UnitQty>
      <Quantity>100.00</Quantity>
      <bIsWeighted>0</bIsWeighted>
      <UnitOfMeasure>100 גרם</UnitOfMeasure>
      <QtyInPackage>1</QtyInPackage>
      <ItemPrice>5.90</ItemPrice>
      <UnitOfMeasurePrice>5.90</UnitOfMeasurePrice>
      <AllowDiscount>1</AllowDiscount>
      <ItemStatus>1</ItemStatus>
    </Item>
    <Item>
      <PriceUpdateDate>2024-12-25 13:32</PriceUpdateDate>
      <ItemCode>5604449959117</ItemCode>
      <ItemType>1</ItemType>
      <ItemName>בי פט פטה סלמון לחתו</ItemName>
      <ManufacturerName>לא ידוע</ManufacturerName>
      <ManufactureCountry>לא ידוע</ManufactureCountry>
      <ManufacturerItemDescription>בי פט פטה סלמון לחתו</ManufacturerItemDescription>
      <UnitQty>גרמים</UnitQty>
      <Quantity>100.00</Quantity>
      <bIsWeighted>0</bIsWeighted>
      <UnitOfMeasure>100 גרם</UnitOfMeasure>
      <QtyInPackage>1</QtyInPackage>
      <ItemPrice>5.90</ItemPrice>
      <UnitOfMeasurePrice>5.90</UnitOfMeasurePrice>
      <AllowDiscount>1</AllowDiscount>
      <ItemStatus>1</ItemStatus>
    </Item>
    <Item>
      <PriceUpdateDate>2024-11-25 13:42</PriceUpdateDate>
      <ItemCode>5694230223312</ItemCode>
      <ItemType>1</ItemType>
      <ItemName>כבד דג במיץ טבעי 121 גר BRIVAIS VILNIS</ItemName>
      <ManufacturerName>לא ידוע</ManufacturerName>
      <ManufactureCountry>איסלנד</ManufactureCountry>
      <ManufacturerItemDescription>כבד דג במיץ טבעי 121</ManufacturerItemDescription>
      <UnitQty>גרמים</UnitQty>
      <Quantity>121.00</Quantity>
      <bIsWeighted>0</bIsWeighted>
      <UnitOfMeasure>100 גרם</UnitOfMeasure>
      <QtyInPackage>1</QtyInPackage>
      <ItemPrice>13.90</ItemPrice>
      <UnitOfMeasurePrice>11.49</UnitOfMeasurePrice>
      <AllowDiscount>1</AllowDiscount>
      <ItemStatus>1</ItemStatus>
    </Item>
    <Item>
      <PriceUpdateDate>2025-09-16 12:36</PriceUpdateDate>
      <ItemCode>5701932026995</ItemCode>
      <ItemType>1</ItemType>
      <ItemName>פופקורן הוט פופ טבעי לייט 510 ג</ItemName>
      <ManufacturerName>לא ידוע</ManufacturerName>
      <ManufactureCountry>לא ידוע</ManufactureCountry>
      <ManufacturerItemDescription>פופקורן הופ פופ טבעי</ManufacturerItemDescription>
      <UnitQty>גרמים</UnitQty>
      <Quantity>510.00</Quantity>
      <bIsWeighted>0</bIsWeighted>
      <UnitOfMeasure>100 גרם</UnitOfMeasure>
      <QtyInPackage>1</QtyInPackage>
      <ItemPrice>19.90</ItemPrice>
      <UnitOfMeasurePrice>3.90</UnitOfMeasurePrice>
      <AllowDiscount>1</AllowDiscount>
      <ItemStatus>1</ItemStatus>
    </Item>
    <Item>
      <PriceUpdateDate>2025-03-03 06:51</PriceUpdateDate>
      <ItemCode>5708776001232</ItemCode>
      <ItemType>1</ItemType>
      <ItemName>סירופ מייפל אורגני 250 מ"ל Manna</ItemName>
      <ManufacturerName>לא ידוע</ManufacturerName>
      <ManufactureCountry>דנמרק</ManufactureCountry>
      <ManufacturerItemDescription>סירופ מייפל אורגני 2</ManufacturerItemDescription>
      <UnitQty>מיליליטרים</UnitQty>
      <Quantity>250.00</Quantity>
      <bIsWeighted>0</bIsWeighted>
      <UnitOfMeasure>100 מ"ל</UnitOfMeasure>
      <QtyInPackage>1</QtyInPackage>
      <ItemPrice>38.90</ItemPrice>
      <UnitOfMeasurePrice>15.56</UnitOfMeasurePrice>
      <AllowDiscount>1</AllowDiscount>
      <ItemStatus>1</ItemStatus>
    </Item>
    <Item>
      <PriceUpdateDate>2025-06-06 05:57</PriceUpdateDate>
      <ItemCode>5710840209437</ItemCode>
      <ItemType>1</ItemType>
      <ItemName>טבק באלי נטוראל 40 גרם</ItemName>
      <ManufacturerName>לא ידוע</ManufacturerName>
      <ManufactureCountry>לא ידוע</ManufactureCountry>
      <ManufacturerItemDescription>טבק באלי נטוראל 40 ג</ManufacturerItemDescription>
      <UnitQty>Unknown</UnitQty>
      <Quantity>0.00</Quantity>
      <bIsWeighted>0</bIsWeighted>
      <UnitOfMeasure>Unknown</UnitOfMeasure>
      <QtyInPackage>1</QtyInPackage>
      <ItemPrice>133.90</ItemPrice>
      <UnitOfMeasurePrice>133.90</UnitOfMeasurePrice>
      <AllowDiscount>1</AllowDiscount>
      <ItemStatus>1</ItemStatus>
    </Item>
    <Item>
      <PriceUpdateDate>2025-06-06 05:55</PriceUpdateDate>
      <ItemCode>5710840210013</ItemCode>
      <ItemType>1</ItemType>
      <ItemName>טבק באלי לבן 40 גרם</ItemName>
      <ManufacturerName>לא ידוע</ManufacturerName>
      <ManufactureCountry>לא ידוע</ManufactureCountry>
      <ManufacturerItemDescription>טבק באלי לבן 40 גרם </ManufacturerItemDescription>
      <UnitQty>Unknown</UnitQty>
      <Quantity>0.00</Quantity>
      <bIsWeighted>0</bIsWeighted>
      <UnitOfMeasure>Unknown</UnitOfMeasure>
      <QtyInPackage>1</QtyInPackage>
      <ItemPrice>133.90</ItemPrice>
      <UnitOfMeasurePrice>133.90</UnitOfMeasurePrice>
      <AllowDiscount>1</AllowDiscount>
      <ItemStatus>1</ItemStatus>
    </Item>
    <Item>
      <PriceUpdateDate>2023-01-17 18:05</PriceUpdateDate>
      <ItemCode>5711953106583</ItemCode>
      <ItemType>1</ItemType>
      <ItemName>גבינת שמנת טבעי ארלה 200 גר</ItemName>
      <ManufacturerName>לא ידוע</ManufacturerName>
      <ManufactureCountry>ישראל</ManufactureCountry>
      <ManufacturerItemDescription>גבינת שמנת טבעי ארלה</ManufacturerItemDescription>
      <UnitQty>גרמים</UnitQty>
      <Quantity>200.00</Quantity>
      <bIsWeighted>0</bIsWeighted>
      <UnitOfMeasure>100 גרם</UnitOfMeasure>
      <QtyInPackage>1</QtyInPackage>
      <ItemPrice>18.90</ItemPrice>
      <UnitOfMeasurePrice>9.45</UnitOfMeasurePrice>
      <AllowDiscount>1</AllowDiscount>
      <ItemStatus>1</ItemStatus>
    </Item>
    <Item>
      <PriceUpdateDate>2023-01-17 18:05</PriceUpdateDate>
      <ItemCode>5711953106606</ItemCode>
      <ItemType>1</ItemType>
      <ItemName>גבינת שמנת עשבי תיבול ארלה 200 גר</ItemName>
      <ManufacturerName>לא ידוע</ManufacturerName>
      <ManufactureCountry>ישראל</ManufactureCountry>
      <ManufacturerItemDescription>גבינת שמנת עשבי תיבו</ManufacturerItemDescription>
      <UnitQty>גרמים</UnitQty>
      <Quantity>200.00</Quantity>
      <bIsWeighted>0</bIsWeighted>
      <UnitOfMeasure>100 גרם</UnitOfMeasure>
      <QtyInPackage>1</QtyInPackage>
      <ItemPrice>18.90</ItemPrice>
      <UnitOfMeasurePrice>9.45</UnitOfMeasurePrice>
      <AllowDiscount>1</AllowDiscount>
      <ItemStatus>1</ItemStatus>
    </Item>
    <Item>
      <PriceUpdateDate>2024-01-06 21:26</PriceUpdateDate>
      <ItemCode>5711953160370</ItemCode>
      <ItemType>1</ItemType>
      <ItemName>סטארבקס פרפוצינו קרמל בקבוק 250 מ"ל</ItemName>
      <ManufacturerName>לא ידוע</ManufacturerName>
      <ManufactureCountry>לא ידוע</ManufactureCountry>
      <ManufacturerItemDescription>סטארבקס פרפוצינו קרמ</ManufacturerItemDescription>
      <UnitQty>מיליליטרים</UnitQty>
      <Quantity>250.00</Quantity>
      <bIsWeighted>0</bIsWeighted>
      <UnitOfMeasure>100 מ"ל</UnitOfMeasure>
      <QtyInPackage>1</QtyInPackage>
      <ItemPrice>16.40</ItemPrice>
      <UnitOfMeasurePrice>6.56</UnitOfMeasurePrice>
      <AllowDiscount>1</AllowDiscount>
      <ItemStatus>1</ItemStatus>
    </Item>
    <Item>
      <PriceUpdateDate>2024-01-06 21:18</PriceUpdateDate>
      <ItemCode>5711953160387</ItemCode>
      <ItemType>1</ItemType>
      <ItemName>סטארבקס פרפוצינו מוקה בקבוק 250 מ"ל</ItemName>
      <ManufacturerName>לא ידוע</ManufacturerName>
      <ManufactureCountry>לא ידוע</ManufactureCountry>
      <ManufacturerItemDescription>סטארבקס פרפוצינו מוק</ManufacturerItemDescription>
      <UnitQty>מיליליטרים</UnitQty>
      <Quantity>250.00</Quantity>
      <bIsWeighted>0</bIsWeighted>
      <UnitOfMeasure>100 מ"ל</UnitOfMeasure>
      <QtyInPackage>1</QtyInPackage>
      <ItemPrice>16.40</ItemPrice>
      <UnitOfMeasurePrice>6.56</UnitOfMeasurePrice>
      <AllowDiscount>1</AllowDiscount>
      <ItemStatus>1</ItemStatus>
    </Item>
    <Item>
      <PriceUpdateDate>2024-03-26 16:46</PriceUpdateDate>
      <ItemCode>5711953172441</ItemCode>
      <ItemType>1</ItemType>
      <ItemName>סטארבקס פרפוצינו קרם עוגיות 250 מ"ל</ItemName>
      <ManufacturerName>לא ידוע</ManufacturerName>
      <ManufactureCountry>דנמרק</ManufactureCountry>
      <ManufacturerItemDescription>סטארבקס פרפוצינו קרם</ManufacturerItemDescription>
      <UnitQty>מיליליטרים</UnitQty>
      <Quantity>250.00</Quantity>
      <bIsWeighted>0</bIsWeighted>
      <UnitOfMeasure>100 מ"ל</UnitOfMeasure>
      <QtyInPackage>1</QtyInPackage>
      <ItemPrice>16.40</ItemPrice>
      <UnitOfMeasurePrice>6.56</UnitOfMeasurePrice>
      <AllowDiscount>1</AllowDiscount>
      <ItemStatus>1</ItemStatus>
    </Item>
    <Item>
      <PriceUpdateDate>2025-09-16 12:36</PriceUpdateDate>
      <ItemCode>5740900403215</ItemCode>
      <ItemType>1</ItemType>
      <ItemName>ממרח לורפק עם מלח 250 גר</ItemName>
      <ManufacturerName>לא ידוע</ManufacturerName>
      <ManufactureCountry>דנמרק</ManufactureCountry>
      <ManufacturerItemDescription>ממרח לורפק עם מלח 25</ManufacturerItemDescription>
      <UnitQty>גרמים</UnitQty>
      <Quantity>250.00</Quantity>
      <bIsWeighted>0</bIsWeighted>
      <UnitOfMeasure>100 גרם</UnitOfMeasure>
      <QtyInPackage>1</QtyInPackage>
      <ItemPrice>20.20</ItemPrice>
      <UnitOfMeasurePrice>8.08</UnitOfMeasurePrice>
      <AllowDiscount>1</AllowDiscount>
      <ItemStatus>1</ItemStatus>
    </Item>
    <Item>
      <PriceUpdateDate>2025-08-31 14:44</PriceUpdateDate>
      <ItemCode>5740900403222</ItemCode>
      <ItemType>1</ItemType>
      <ItemName>ממרח לורפק עם מלח מופחת שומן 250 גר</ItemName>
      <ManufacturerName>לא ידוע</ManufacturerName>
      <ManufactureCountry>דנמרק</ManufactureCountry>
      <ManufacturerItemDescription>ממרח לורפק עם מלח מו</ManufacturerItemDescription>
      <UnitQty>גרמים</UnitQty>
      <Quantity>250.00</Quantity>
      <bIsWeighted>0</bIsWeighted>
      <UnitOfMeasure>100 גרם</UnitOfMeasure>
      <QtyInPackage>1</QtyInPackage>
      <ItemPrice>20.20</ItemPrice>
      <UnitOfMeasurePrice>8.08</UnitOfMeasurePrice>
      <AllowDiscount>1</AllowDiscount>
      <ItemStatus>1</ItemStatus>
    </Item>
    <Item>
      <PriceUpdateDate>2025-09-16 12:37</PriceUpdateDate>
      <ItemCode>5740900403239</ItemCode>
      <ItemType>1</ItemType>
      <ItemName>ממרח לורפק ללא מלח 250 גר</ItemName>
      <ManufacturerName>לא ידוע</ManufacturerName>
      <ManufactureCountry>דנמרק</ManufactureCountry>
      <ManufacturerItemDescription>ממרח לורפק ללא מלח 2</ManufacturerItemDescription>
      <UnitQty>גרמים</UnitQty>
      <Quantity>250.00</Quantity>
      <bIsWeighted>0</bIsWeighted>
      <UnitOfMeasure>100 גרם</UnitOfMeasure>
      <QtyInPackage>1</QtyInPackage>
      <ItemPrice>20.20</ItemPrice>
      <UnitOfMeasurePrice>8.08</UnitOfMeasurePrice>
      <AllowDiscount>1</AllowDiscount>
      <ItemStatus>1</ItemStatus>
    </Item>
    <Item>
      <PriceUpdateDate>2025-07-02 11:06</PriceUpdateDate>
      <ItemCode>5774540899800</ItemCode>
      <ItemType>1</ItemType>
      <ItemName>אנטון ברג שוקולד מילוי ליקר 8 יח 125 גר</ItemName>
      <ManufacturerName>לא ידוע</ManufacturerName>
      <ManufactureCountry />
      <ManufacturerItemDescription>אנטון ברג שוקולד מיל</ManufacturerItemDescription>
      <UnitQty>גרמים</UnitQty>
      <Quantity>125.00</Quantity>
      <bIsWeighted>0</bIsWeighted>
      <UnitOfMeasure>100 גרם</UnitOfMeasure>
      <QtyInPackage>1</QtyInPackage>
      <ItemPrice>59.90</ItemPrice>
      <UnitOfMeasurePrice>47.92</UnitOfMeasurePrice>
      <AllowDiscount>1</AllowDiscount>
      <ItemStatus>1</ItemStatus>
    </Item>
    <Item>
      <PriceUpdateDate>2025-09-05 09:14</PriceUpdateDate>
      <ItemCode>5774540984155</ItemCode>
      <ItemType>1</ItemType>
      <ItemName>אנטון ברג-מרציפן אוכמניות בוודקה  220 גר</ItemName>
      <ManufacturerName>לא ידוע</ManufacturerName>
      <ManufactureCountry>לא ידוע</ManufactureCountry>
      <ManufacturerItemDescription>אנטון ברג-מרציפן אוכ</ManufacturerItemDescription>
      <UnitQty>גרמים</UnitQty>
      <Quantity>220.00</Quantity>
      <bIsWeighted>0</bIsWeighted>
      <UnitOfMeasure>100 גרם</UnitOfMeasure>
      <QtyInPackage>1</QtyInPackage>
      <ItemPrice>49.90</ItemPrice>
      <UnitOfMeasurePrice>22.68</UnitOfMeasurePrice>
      <AllowDiscount>1</AllowDiscount>
      <ItemStatus>1</ItemStatus>
    </Item>
    <Item>
      <PriceUpdateDate>2025-09-05 09:13</PriceUpdateDate>
      <ItemCode>5774540984254</ItemCode>
      <ItemType>1</ItemType>
      <ItemName>אנטון ברג-מרציפן משמש בברנדי 220 גר</ItemName>
      <ManufacturerName>לא ידוע</ManufacturerName>
      <ManufactureCountry>לא ידוע</ManufactureCountry>
      <ManufacturerItemDescription>אנטון ברג-מרציפן משמ</ManufacturerItemDescription>
      <UnitQty>גרמים</UnitQty>
      <Quantity>220.00</Quantity>
      <bIsWeighted>0</bIsWeighted>
      <UnitOfMeasure>100 גרם</UnitOfMeasure>
      <QtyInPackage>1</QtyInPackage>
      <ItemPrice>49.90</ItemPrice>
      <UnitOfMeasurePrice>22.68</UnitOfMeasurePrice>
      <AllowDiscount>1</AllowDiscount>
      <ItemStatus>1</ItemStatus>
    </Item>
    <Item>
      <PriceUpdateDate>2025-09-05 09:14</PriceUpdateDate>
      <ItemCode>5774540990057</ItemCode>
      <ItemType>1</ItemType>
      <ItemName>אנטון ברג-מרציפן אוכמניות בוודקה  220 גר</ItemName>
      <ManufacturerName>לא ידוע</ManufacturerName>
      <ManufactureCountry>לא ידוע</ManufactureCountry>
      <ManufacturerItemDescription>אנטון ברג-מרציפן אוכ</ManufacturerItemDescription>
      <UnitQty>גרמים</UnitQty>
      <Quantity>220.00</Quantity>
      <bIsWeighted>0</bIsWeighted>
      <UnitOfMeasure>100 גרם</UnitOfMeasure>
      <QtyInPackage>1</QtyInPackage>
      <ItemPrice>49.90</ItemPrice>
      <UnitOfMeasurePrice>22.68</UnitOfMeasurePrice>
      <AllowDiscount>1</AllowDiscount>
      <ItemStatus>1</ItemStatus>
    </Item>
    <Item>
      <PriceUpdateDate>2025-08-13 14:52</PriceUpdateDate>
      <ItemCode>5900020012814</ItemCode>
      <ItemType>1</ItemType>
      <ItemName>דגנים נסקוויק מלחמת הכוכבים 500 גרם</ItemName>
      <ManufacturerName>לא ידוע</ManufacturerName>
      <ManufactureCountry>לא ידוע</ManufactureCountry>
      <ManufacturerItemDescription>דגנים נסקוויק 500 גר</ManufacturerItemDescription>
      <UnitQty>גרמים</UnitQty>
      <Quantity>375.00</Quantity>
      <bIsWeighted>0</bIsWeighted>
      <UnitOfMeasure>100 גרם</UnitOfMeasure>
      <QtyInPackage>1</QtyInPackage>
      <ItemPrice>29.90</ItemPrice>
      <UnitOfMeasurePrice>7.97</UnitOfMeasurePrice>
      <AllowDiscount>1</AllowDiscount>
      <ItemStatus>1</ItemStatus>
    </Item>
    <Item>
      <PriceUpdateDate>2024-01-06 12:02</PriceUpdateDate>
      <ItemCode>5900020015174</ItemCode>
      <ItemType>1</ItemType>
      <ItemName>פיטנס חטיף דגנים שוקולד 141 גרם</ItemName>
      <ManufacturerName>לא ידוע</ManufacturerName>
      <ManufactureCountry>לא ידוע</ManufactureCountry>
      <ManufacturerItemDescription>פיטנס חטיף דגנים שוק</ManufacturerItemDescription>
      <UnitQty>גרמים</UnitQty>
      <Quantity>141.00</Quantity>
      <bIsWeighted>0</bIsWeighted>
      <UnitOfMeasure>100 גרם</UnitOfMeasure>
      <QtyInPackage>1</QtyInPackage>
      <ItemPrice>20.90</ItemPrice>
      <UnitOfMeasurePrice>14.82</UnitOfMeasurePrice>
      <AllowDiscount>1</AllowDiscount>
      <ItemStatus>1</ItemStatus>
    </Item>
    <Item>
      <PriceUpdateDate>2024-01-10 20:37</PriceUpdateDate>
      <ItemCode>5900020025647</ItemCode>
      <ItemType>1</ItemType>
      <ItemName>פיטנס בר דליס שוקולד חלב 6*22.5 גרם</ItemName>
      <ManufacturerName>לא ידוע</ManufacturerName>
      <ManufactureCountry>לא ידוע</ManufactureCountry>
      <ManufacturerItemDescription>פיטנס בר דליס שוקולד</ManufacturerItemDescription>
      <UnitQty>גרמים</UnitQty>
      <Quantity>135.00</Quantity>
      <bIsWeighted>0</bIsWeighted>
      <UnitOfMeasure>100 גרם</UnitOfMeasure>
      <QtyInPackage>1</QtyInPackage>
      <ItemPrice>20.90</ItemPrice>
      <UnitOfMeasurePrice>15.48</UnitOfMeasurePrice>
      <AllowDiscount>1</AllowDiscount>
      <ItemStatus>1</ItemStatus>
    </Item>
    <Item>
      <PriceUpdateDate>2025-08-13 14:50</PriceUpdateDate>
      <ItemCode>5900020034991</ItemCode>
      <ItemType>1</ItemType>
      <ItemName>קראנץ צדפים בטעם שוקולד 450 גרם</ItemName>
      <ManufacturerName>לא ידוע</ManufacturerName>
      <ManufactureCountry />
      <ManufacturerItemDescription>קראנץ צדפים בטעם שוק</ManufacturerItemDescription>
      <UnitQty>גרמים</UnitQty>
      <Quantity>450.00</Quantity>
      <bIsWeighted>0</bIsWeighted>
      <UnitOfMeasure>100 גרם</UnitOfMeasure>
      <QtyInPackage>1</QtyInPackage>
      <ItemPrice>29.90</ItemPrice>
      <UnitOfMeasurePrice>6.64</UnitOfMeasurePrice>
      <AllowDiscount>1</AllowDiscount>
      <ItemStatus>1</ItemStatus>
    </Item>
    <Item>
      <PriceUpdateDate>2025-08-13 11:54</PriceUpdateDate>
      <ItemCode>5900020036407</ItemCode>
      <ItemType>1</ItemType>
      <ItemName>דגני בוקר שוקולד וקרמל ליון 480 גרם</ItemName>
      <ManufacturerName>לא ידוע</ManufacturerName>
      <ManufactureCountry>צרפת</ManufactureCountry>
      <ManufacturerItemDescription>דגני בוקר שוקולד וקר</ManufacturerItemDescription>
      <UnitQty>גרמים</UnitQty>
      <Quantity>480.00</Quantity>
      <bIsWeighted>0</bIsWeighted>
      <UnitOfMeasure>100 גרם</UnitOfMeasure>
      <QtyInPackage>1</QtyInPackage>
      <ItemPrice>29.90</ItemPrice>
      <UnitOfMeasurePrice>6.23</UnitOfMeasurePrice>
      <AllowDiscount>1</AllowDiscount>
      <ItemStatus>1</ItemStatus>
    </Item>
    <Item>
      <PriceUpdateDate>2025-02-24 11:01</PriceUpdateDate>
      <ItemCode>5900020041142</ItemCode>
      <ItemType>1</ItemType>
      <ItemName>פיטנס קורנפלקס 500 גר</ItemName>
      <ManufacturerName>לא ידוע</ManufacturerName>
      <ManufactureCountry>פולין</ManufactureCountry>
      <ManufacturerItemDescription>פיטנס קורנפלקס 500 ג</ManufacturerItemDescription>
      <UnitQty>גרמים</UnitQty>
      <Quantity>500.00</Quantity>
      <bIsWeighted>0</bIsWeighted>
      <UnitOfMeasure>100 גרם</UnitOfMeasure>
      <QtyInPackage>1</QtyInPackage>
      <ItemPrice>19.90</ItemPrice>
      <UnitOfMeasurePrice>3.98</UnitOfMeasurePrice>
      <AllowDiscount>1</AllowDiscount>
      <ItemStatus>1</ItemStatus>
    </Item>
    <Item>
      <PriceUpdateDate>2025-07-27 13:51</PriceUpdateDate>
      <ItemCode>5900020043436</ItemCode>
      <ItemType>1</ItemType>
      <ItemName>קראנץ בראוני 410 גרם</ItemName>
      <ManufacturerName>לא ידוע</ManufacturerName>
      <ManufactureCountry>ישראל</ManufactureCountry>
      <ManufacturerItemDescription>קראנץ בראוני 410 גרם</ManufacturerItemDescription>
      <UnitQty>גרמים</UnitQty>
      <Quantity>410.00</Quantity>
      <bIsWeighted>0</bIsWeighted>
      <UnitOfMeasure>100 גרם</UnitOfMeasure>
      <QtyInPackage>1</QtyInPackage>
      <ItemPrice>29.90</ItemPrice>
      <UnitOfMeasurePrice>7.29</UnitOfMeasurePrice>
      <AllowDiscount>1</AllowDiscount>
      <ItemStatus>1</ItemStatus>
    </Item>
    <Item>
      <PriceUpdateDate>2025-08-13 14:50</PriceUpdateDate>
      <ItemCode>5900020046833</ItemCode>
      <ItemType>1</ItemType>
      <ItemName>דגני בוקר ציריוס ש.שועל  500 גרם</ItemName>
      <ManufacturerName>לא ידוע</ManufacturerName>
      <ManufactureCountry>ישראל</ManufactureCountry>
      <ManufacturerItemDescription>דגני בוקר ציריוס ש.ש</ManufacturerItemDescription>
      <UnitQty>גרמים</UnitQty>
      <Quantity>500.00</Quantity>
      <bIsWeighted>0</bIsWeighted>
      <UnitOfMeasure>100 גרם</UnitOfMeasure>
      <QtyInPackage>1</QtyInPackage>
      <ItemPrice>29.90</ItemPrice>
      <UnitOfMeasurePrice>5.98</UnitOfMeasurePrice>
      <AllowDiscount>1</AllowDiscount>
      <ItemStatus>1</ItemStatus>
    </Item>
    <Item>
      <PriceUpdateDate>2025-12-07 17:59</PriceUpdateDate>
      <ItemCode>5900951316227</ItemCode>
      <ItemType>1</ItemType>
      <ItemName>שוקולד 150 גר M&amp;M</ItemName>
      <ManufacturerName>לא ידוע</ManufacturerName>
      <ManufactureCountry>PL</ManufactureCountry>
      <ManufacturerItemDescription>שוקולד 150 גר M&amp;M   </ManufacturerItemDescription>
      <UnitQty>גרמים</UnitQty>
      <Quantity>150.00</Quantity>
      <bIsWeighted>0</bIsWeighted>
      <UnitOfMeasure>100 גרם</UnitOfMeasure>
      <QtyInPackage>1</QtyInPackage>
      <ItemPrice>17.90</ItemPrice>
      <UnitOfMeasurePrice>11.93</UnitOfMeasurePrice>
      <AllowDiscount>1</AllowDiscount>
      <ItemStatus>1</ItemStatus>
    </Item>
    <Item>
      <PriceUpdateDate>2025-03-03 06:51</PriceUpdateDate>
      <ItemCode>5901008002780</ItemCode>
      <ItemType>1</ItemType>
      <ItemName>מלפפונים כבושים במי מלח 840 גר POLAN</ItemName>
      <ManufacturerName>לא ידוע</ManufacturerName>
      <ManufactureCountry>PL</ManufactureCountry>
      <ManufacturerItemDescription>מלפפונים כבושים במי </ManufacturerItemDescription>
      <UnitQty>גרמים</UnitQty>
      <Quantity>840.00</Quantity>
      <bIsWeighted>0</bIsWeighted>
      <UnitOfMeasure>100 גרם</UnitOfMeasure>
      <QtyInPackage>1</QtyInPackage>
      <ItemPrice>23.90</ItemPrice>
      <UnitOfMeasurePrice>2.85</UnitOfMeasurePrice>
      <AllowDiscount>1</AllowDiscount>
      <ItemStatus>1</ItemStatus>
    </Item>
    <Item>
      <PriceUpdateDate>2025-03-03 06:51</PriceUpdateDate>
      <ItemCode>5901008990322</ItemCode>
      <ItemType>1</ItemType>
      <ItemName>שימורי פטיסונים מוחמצים 860 גר POLAN</ItemName>
      <ManufacturerName>לא ידוע</ManufacturerName>
      <ManufactureCountry>לא ידוע</ManufactureCountry>
      <ManufacturerItemDescription>שימורי פטיסונים מוחמ</ManufacturerItemDescription>
      <UnitQty>גרמים</UnitQty>
      <Quantity>860.00</Quantity>
      <bIsWeighted>0</bIsWeighted>
      <UnitOfMeasure>100 גרם</UnitOfMeasure>
      <QtyInPackage>1</QtyInPackage>
      <ItemPrice>30.90</ItemPrice>
      <UnitOfMeasurePrice>3.59</UnitOfMeasurePrice>
      <AllowDiscount>1</AllowDiscount>
      <ItemStatus>1</ItemStatus>
    </Item>
    <Item>
      <PriceUpdateDate>2025-03-03 06:51</PriceUpdateDate>
      <ItemCode>5901008990339</ItemCode>
      <ItemType>1</ItemType>
      <ItemName>פרוסות מלפפונים מוחמצים 660 גר POLAN</ItemName>
      <ManufacturerName>לא ידוע</ManufacturerName>
      <ManufactureCountry>לא ידוע</ManufactureCountry>
      <ManufacturerItemDescription>פרוסות מלפפונים מוחמ</ManufacturerItemDescription>
      <UnitQty>גרמים</UnitQty>
      <Quantity>660.00</Quantity>
      <bIsWeighted>0</bIsWeighted>
      <UnitOfMeasure>100 גרם</UnitOfMeasure>
      <QtyInPackage>1</QtyInPackage>
      <ItemPrice>19.90</ItemPrice>
      <UnitOfMeasurePrice>3.02</UnitOfMeasurePrice>
      <AllowDiscount>1</AllowDiscount>
      <ItemStatus>1</ItemStatus>
    </Item>
    <Item>
      <PriceUpdateDate>2024-12-02 15:21</PriceUpdateDate>
      <ItemCode>5901008990360</ItemCode>
      <ItemType>1</ItemType>
      <ItemName>עגבניות פטיסונים מוחמצים 880 גר POLAN</ItemName>
      <ManufacturerName>לא ידוע</ManufacturerName>
      <ManufactureCountry>PL</ManufactureCountry>
      <ManufacturerItemDescription>עגבניות פטיסונים מוח</ManufacturerItemDescription>
      <UnitQty>גרמים</UnitQty>
      <Quantity>880.00</Quantity>
      <bIsWeighted>0</bIsWeighted>
      <UnitOfMeasure>100 גרם</UnitOfMeasure>
      <QtyInPackage>1</QtyInPackage>
      <ItemPrice>26.90</ItemPrice>
      <UnitOfMeasurePrice>3.06</UnitOfMeasurePrice>
      <AllowDiscount>1</AllowDiscount>
      <ItemStatus>1</ItemStatus>
    </Item>
    <Item>
      <PriceUpdateDate>2025-02-24 11:04</PriceUpdateDate>
      <ItemCode>5901008990421</ItemCode>
      <ItemType>1</ItemType>
      <ItemName>שימורי עגבניות שרי כבושות 880 גר POLAN</ItemName>
      <ManufacturerName>לא ידוע</ManufacturerName>
      <ManufactureCountry>PL</ManufactureCountry>
      <ManufacturerItemDescription>שימורי עגבניות שרי כ</ManufacturerItemDescription>
      <UnitQty>גרמים</UnitQty>
      <Quantity>880.00</Quantity>
      <bIsWeighted>0</bIsWeighted>
      <UnitOfMeasure>100 גרם</UnitOfMeasure>
      <QtyInPackage>1</QtyInPackage>
      <ItemPrice>27.90</ItemPrice>
      <UnitOfMeasurePrice>3.17</UnitOfMeasurePrice>
      <AllowDiscount>1</AllowDiscount>
      <ItemStatus>1</ItemStatus>
    </Item>
    <Item>
      <PriceUpdateDate>2025-03-03 06:51</PriceUpdateDate>
      <ItemCode>5901008990599</ItemCode>
      <ItemType>1</ItemType>
      <ItemName>מלפפונים קורנישונים מוחמצים 860 גר POLAN</ItemName>
      <ManufacturerName>לא ידוע</ManufacturerName>
      <ManufactureCountry>לא ידוע</ManufactureCountry>
      <ManufacturerItemDescription>מלפפונים קורנישונים </ManufacturerItemDescription>
      <UnitQty>גרמים</UnitQty>
      <Quantity>840.00</Quantity>
      <bIsWeighted>0</bIsWeighted>
      <UnitOfMeasure>100 גרם</UnitOfMeasure>
      <QtyInPackage>1</QtyInPackage>
      <ItemPrice>30.90</ItemPrice>
      <UnitOfMeasurePrice>3.68</UnitOfMeasurePrice>
      <AllowDiscount>1</AllowDiscount>
      <ItemStatus>1</ItemStatus>
    </Item>
    <Item>
      <PriceUpdateDate>2024-12-02 15:22</PriceUpdateDate>
      <ItemCode>5901046990315</ItemCode>
      <ItemType>1</ItemType>
      <ItemName>חזרת אדומה 180 גר POLAN</ItemName>
      <ManufacturerName>לא ידוע</ManufacturerName>
      <ManufactureCountry>לא ידוע</ManufactureCountry>
      <ManufacturerItemDescription>חזרת אדומה 180 גרם  </ManufacturerItemDescription>
      <UnitQty>גרמים</UnitQty>
      <Quantity>180.00</Quantity>
      <bIsWeighted>0</bIsWeighted>
      <UnitOfMeasure>100 גרם</UnitOfMeasure>
      <QtyInPackage>1</QtyInPackage>
      <ItemPrice>13.50</ItemPrice>
      <UnitOfMeasurePrice>7.50</UnitOfMeasurePrice>
      <AllowDiscount>1</AllowDiscount>
      <ItemStatus>1</ItemStatus>
    </Item>
    <Item>
      <PriceUpdateDate>2025-03-03 06:51</PriceUpdateDate>
      <ItemCode>5901576058585</ItemCode>
      <ItemType>1</ItemType>
      <ItemName>פילה סלמון  מעושן פרוס מצונן 100 גרם</ItemName>
      <ManufacturerName>לא ידוע</ManufacturerName>
      <ManufactureCountry>פולין</ManufactureCountry>
      <ManufacturerItemDescription>פילה סלמון  מעושן פר</ManufacturerItemDescription>
      <UnitQty>גרמים</UnitQty>
      <Quantity>100.00</Quantity>
      <bIsWeighted>0</bIsWeighted>
      <UnitOfMeasure>100 גרם</UnitOfMeasure>
      <QtyInPackage>1</QtyInPackage>
      <ItemPrice>30.90</ItemPrice>
      <UnitOfMeasurePrice>30.90</UnitOfMeasurePrice>
      <AllowDiscount>1</AllowDiscount>
      <ItemStatus>1</ItemStatus>
    </Item>
    <Item>
      <PriceUpdateDate>2024-09-22 17:09</PriceUpdateDate>
      <ItemCode>5901986036258</ItemCode>
      <ItemType>1</ItemType>
      <ItemName>גונץ-סוכריית מקל סבא פפה פיג 48 גרם</ItemName>
      <ManufacturerName>לא ידוע</ManufacturerName>
      <ManufactureCountry>פולין</ManufactureCountry>
      <ManufacturerItemDescription>גונץ-סוכריית מקל סבא</ManufacturerItemDescription>
      <UnitQty>גרמים</UnitQty>
      <Quantity>48.00</Quantity>
      <bIsWeighted>0</bIsWeighted>
      <UnitOfMeasure>100 גרם</UnitOfMeasure>
      <QtyInPackage>1</QtyInPackage>
      <ItemPrice>13.90</ItemPrice>
      <UnitOfMeasurePrice>28.96</UnitOfMeasurePrice>
      <AllowDiscount>1</AllowDiscount>
      <ItemStatus>1</ItemStatus>
    </Item>
    <Item>
      <PriceUpdateDate>2023-12-26 12:15</PriceUpdateDate>
      <ItemCode>5902198160403</ItemCode>
      <ItemType>1</ItemType>
      <ItemName>XL TEN משקה אנרגיה ללא סוכר 250 מ"ל</ItemName>
      <ManufacturerName>לא ידוע</ManufacturerName>
      <ManufactureCountry>לא ידוע</ManufactureCountry>
      <ManufacturerItemDescription>XL TEN משקה אנרגיה  </ManufacturerItemDescription>
      <UnitQty>מיליליטרים</UnitQty>
      <Quantity>250.00</Quantity>
      <bIsWeighted>0</bIsWeighted>
      <UnitOfMeasure>100 מ"ל</UnitOfMeasure>
      <QtyInPackage>1</QtyInPackage>
      <ItemPrice>5.00</ItemPrice>
      <UnitOfMeasurePrice>2.00</UnitOfMeasurePrice>
      <AllowDiscount>1</AllowDiscount>
      <ItemStatus>1</ItemStatus>
    </Item>
    <Item>
      <PriceUpdateDate>2025-07-08 12:07</PriceUpdateDate>
      <ItemCode>5902609001400</ItemCode>
      <ItemType>1</ItemType>
      <ItemName>LESTELLO פריכיות חומוס 135 גרם</ItemName>
      <ManufacturerName>לא ידוע</ManufacturerName>
      <ManufactureCountry>PL</ManufactureCountry>
      <ManufacturerItemDescription>LESTELLO פריכיות חומ</ManufacturerItemDescription>
      <UnitQty>גרמים</UnitQty>
      <Quantity>135.00</Quantity>
      <bIsWeighted>0</bIsWeighted>
      <UnitOfMeasure>100 גרם</UnitOfMeasure>
      <QtyInPackage>1</QtyInPackage>
      <ItemPrice>17.90</ItemPrice>
      <UnitOfMeasurePrice>13.26</UnitOfMeasurePrice>
      <AllowDiscount>1</AllowDiscount>
      <ItemStatus>1</ItemStatus>
    </Item>
    <Item>
      <PriceUpdateDate>2025-09-30 09:16</PriceUpdateDate>
      <ItemCode>5903228100468</ItemCode>
      <ItemType>1</ItemType>
      <ItemName>גונץ-שוקולד לוח שנה 75 גר LOL</ItemName>
      <ManufacturerName>לא ידוע</ManufacturerName>
      <ManufactureCountry>DE</ManufactureCountry>
      <ManufacturerItemDescription>גונץ-שוקולד לוח שנה </ManufacturerItemDescription>
      <UnitQty>גרמים</UnitQty>
      <Quantity>75.00</Quantity>
      <bIsWeighted>0</bIsWeighted>
      <UnitOfMeasure>100 גרם</UnitOfMeasure>
      <QtyInPackage>1</QtyInPackage>
      <ItemPrice>22.90</ItemPrice>
      <UnitOfMeasurePrice>30.53</UnitOfMeasurePrice>
      <AllowDiscount>1</AllowDiscount>
      <ItemStatus>1</ItemStatus>
    </Item>
    <Item>
      <PriceUpdateDate>2025-01-05 19:50</PriceUpdateDate>
      <ItemCode>59039549</ItemCode>
      <ItemType>1</ItemType>
      <ItemName>ווג פריזון מנטול חפיסה</ItemName>
      <ManufacturerName>לא ידוע</ManufacturerName>
      <ManufactureCountry>לא ידוע</ManufactureCountry>
      <ManufacturerItemDescription>ווג פריזון מנטול חפי</ManufacturerItemDescription>
      <UnitQty>Unknown</UnitQty>
      <Quantity>0.00</Quantity>
      <bIsWeighted>0</bIsWeighted>
      <UnitOfMeasure>Unknown</UnitOfMeasure>
      <QtyInPackage>1</QtyInPackage>
      <ItemPrice>47.50</ItemPrice>
      <UnitOfMeasurePrice>47.50</UnitOfMeasurePrice>
      <AllowDiscount>1</AllowDiscount>
      <ItemStatus>1</ItemStatus>
    </Item>
    <Item>
      <PriceUpdateDate>2025-01-13 10:22</PriceUpdateDate>
      <ItemCode>5904941750312</ItemCode>
      <ItemType>1</ItemType>
      <ItemName>משקה אנרגיה  BLU  מוחיטו בודד 250 מ"ל</ItemName>
      <ManufacturerName>לא ידוע</ManufacturerName>
      <ManufactureCountry>לא ידוע</ManufactureCountry>
      <ManufacturerItemDescription>משקה אנרגיה  BLU  מו</ManufacturerItemDescription>
      <UnitQty>מיליליטרים</UnitQty>
      <Quantity>250.00</Quantity>
      <bIsWeighted>0</bIsWeighted>
      <UnitOfMeasure>100 מ"ל</UnitOfMeasure>
      <QtyInPackage>1</QtyInPackage>
      <ItemPrice>5.20</ItemPrice>
      <UnitOfMeasurePrice>2.08</UnitOfMeasurePrice>
      <AllowDiscount>1</AllowDiscount>
      <ItemStatus>1</ItemStatus>
    </Item>
    <Item>
      <PriceUpdateDate>2025-01-30 07:57</PriceUpdateDate>
      <ItemCode>5904941751302</ItemCode>
      <ItemType>1</ItemType>
      <ItemName>משקה אנרגיה  BLU בודד 250 מ"ל</ItemName>
      <ManufacturerName>לא ידוע</ManufacturerName>
      <ManufactureCountry>לא ידוע</ManufactureCountry>
      <ManufacturerItemDescription>משקה אנרגיה  BLU בוד</ManufacturerItemDescription>
      <UnitQty>מיליליטרים</UnitQty>
      <Quantity>250.00</Quantity>
      <bIsWeighted>0</bIsWeighted>
      <UnitOfMeasure>100 מ"ל</UnitOfMeasure>
      <QtyInPackage>1</QtyInPackage>
      <ItemPrice>5.20</ItemPrice>
      <UnitOfMeasurePrice>2.08</UnitOfMeasurePrice>
      <AllowDiscount>1</AllowDiscount>
      <ItemStatus>1</ItemStatus>
    </Item>
    <Item>
      <PriceUpdateDate>2025-01-13 10:21</PriceUpdateDate>
      <ItemCode>5904941751715</ItemCode>
      <ItemType>1</ItemType>
      <ItemName>משקה אנרגיה BLU CRANBERRY בודד 250 מ"ל</ItemName>
      <ManufacturerName>לא ידוע</ManufacturerName>
      <ManufactureCountry>פולין</ManufactureCountry>
      <ManufacturerItemDescription>משקה אנרגיה בלו קרנב</ManufacturerItemDescription>
      <UnitQty>מיליליטרים</UnitQty>
      <Quantity>250.00</Quantity>
      <bIsWeighted>0</bIsWeighted>
      <UnitOfMeasure>100 מ"ל</UnitOfMeasure>
      <QtyInPackage>1</QtyInPackage>
      <ItemPrice>5.20</ItemPrice>
      <UnitOfMeasurePrice>2.08</UnitOfMeasurePrice>
      <AllowDiscount>1</AllowDiscount>
      <ItemStatus>1</ItemStatus>
    </Item>
    <Item>
      <PriceUpdateDate>2025-01-30 07:57</PriceUpdateDate>
      <ItemCode>5904941751920</ItemCode>
      <ItemType>1</ItemType>
      <ItemName>משקה אנרגיה  BLU DAY בודד 250 מ"ל</ItemName>
      <ManufacturerName>לא ידוע</ManufacturerName>
      <ManufactureCountry>לא ידוע</ManufactureCountry>
      <ManufacturerItemDescription>משקה אנרגיה  BLU DAY</ManufacturerItemDescription>
      <UnitQty>מיליליטרים</UnitQty>
      <Quantity>250.00</Quantity>
      <bIsWeighted>0</bIsWeighted>
      <UnitOfMeasure>100 מ"ל</UnitOfMeasure>
      <QtyInPackage>1</QtyInPackage>
      <ItemPrice>5.20</ItemPrice>
      <UnitOfMeasurePrice>2.08</UnitOfMeasurePrice>
      <AllowDiscount>1</AllowDiscount>
      <ItemStatus>1</ItemStatus>
    </Item>
    <Item>
      <PriceUpdateDate>2024-09-11 11:12</PriceUpdateDate>
      <ItemCode>5906485301012</ItemCode>
      <ItemType>1</ItemType>
      <ItemName>משקה אנרגיה XL פחית 250 מ"ל</ItemName>
      <ManufacturerName>לא ידוע</ManufacturerName>
      <ManufactureCountry>לא ידוע</ManufactureCountry>
      <ManufacturerItemDescription>משקה אנרגיה XL פחית </ManufacturerItemDescription>
      <UnitQty>מיליליטרים</UnitQty>
      <Quantity>250.00</Quantity>
      <bIsWeighted>0</bIsWeighted>
      <UnitOfMeasure>100 מ"ל</UnitOfMeasure>
      <QtyInPackage>1</QtyInPackage>
      <ItemPrice>5.00</ItemPrice>
      <UnitOfMeasurePrice>2.00</UnitOfMeasurePrice>
      <AllowDiscount>1</AllowDiscount>
      <ItemStatus>1</ItemStatus>
    </Item>
    <Item>
      <PriceUpdateDate>2025-01-05 19:50</PriceUpdateDate>
      <ItemCode>59068907</ItemCode>
      <ItemType>1</ItemType>
      <ItemName>פאל מאל כחול דמי סלימס חפיסה</ItemName>
      <ManufacturerName>לא ידוע</ManufacturerName>
      <ManufactureCountry>לא ידוע</ManufactureCountry>
      <ManufacturerItemDescription>פאל מאל כחול דמי סלי</ManufacturerItemDescription>
      <UnitQty>Unknown</UnitQty>
      <Quantity>0.00</Quantity>
      <bIsWeighted>0</bIsWeighted>
      <UnitOfMeasure>Unknown</UnitOfMeasure>
      <QtyInPackage>1</QtyInPackage>
      <ItemPrice>35.50</ItemPrice>
      <UnitOfMeasurePrice>35.50</UnitOfMeasurePrice>
      <AllowDiscount>1</AllowDiscount>
      <ItemStatus>1</ItemStatus>
    </Item>
    <Item>
      <PriceUpdateDate>2025-12-28 12:37</PriceUpdateDate>
      <ItemCode>5942</ItemCode>
      <ItemType>1</ItemType>
      <ItemName>תפו"ע קריספי</ItemName>
      <ManufacturerName>לא ידוע</ManufacturerName>
      <ManufactureCountry>לא ידוע</ManufactureCountry>
      <ManufacturerItemDescription>תפו"ע קריספי        </ManufacturerItemDescription>
      <UnitQty>קילוגרמים</UnitQty>
      <Quantity>0.00</Quantity>
      <bIsWeighted>1</bIsWeighted>
      <UnitOfMeasure>ק"ג</UnitOfMeasure>
      <QtyInPackage>0</QtyInPackage>
      <ItemPrice>22.90</ItemPrice>
      <UnitOfMeasurePrice>22.90</UnitOfMeasurePrice>
      <AllowDiscount>1</AllowDiscount>
      <ItemStatus>1</ItemStatus>
    </Item>
    <Item>
      <PriceUpdateDate>2025-01-05 19:50</PriceUpdateDate>
      <ItemCode>59455233</ItemCode>
      <ItemType>1</ItemType>
      <ItemName>ווג סופרסלימס כחול</ItemName>
      <ManufacturerName>לא ידוע</ManufacturerName>
      <ManufactureCountry>לא ידוע</ManufactureCountry>
      <ManufacturerItemDescription>ווג סופרסלימס כחול  </ManufacturerItemDescription>
      <UnitQty>יחידה</UnitQty>
      <Quantity>1.00</Quantity>
      <bIsWeighted>0</bIsWeighted>
      <UnitOfMeasure>יחידה</UnitOfMeasure>
      <QtyInPackage>1</QtyInPackage>
      <ItemPrice>47.50</ItemPrice>
      <UnitOfMeasurePrice>47.50</UnitOfMeasurePrice>
      <AllowDiscount>1</AllowDiscount>
      <ItemStatus>1</ItemStatus>
    </Item>
    <Item>
      <PriceUpdateDate>2025-01-05 19:50</PriceUpdateDate>
      <ItemCode>59455240</ItemCode>
      <ItemType>1</ItemType>
      <ItemName>ווג סופרסלימס לילך חפיסה</ItemName>
      <ManufacturerName>לא ידוע</ManufacturerName>
      <ManufactureCountry>לא ידוע</ManufactureCountry>
      <ManufacturerItemDescription>ווג סופרסלימס לילך  </ManufacturerItemDescription>
      <UnitQty>יחידה</UnitQty>
      <Quantity>1.00</Quantity>
      <bIsWeighted>0</bIsWeighted>
      <UnitOfMeasure>יחידה</UnitOfMeasure>
      <QtyInPackage>1</QtyInPackage>
      <ItemPrice>47.50</ItemPrice>
      <UnitOfMeasurePrice>47.50</UnitOfMeasurePrice>
      <AllowDiscount>1</AllowDiscount>
      <ItemStatus>1</ItemStatus>
    </Item>
    <Item>
      <PriceUpdateDate>2025-07-03 13:36</PriceUpdateDate>
      <ItemCode>5992667</ItemCode>
      <ItemType>1</ItemType>
      <ItemName>בולגרית 5% במשקל</ItemName>
      <ManufacturerName>לא ידוע</ManufacturerName>
      <ManufactureCountry>ישראל</ManufactureCountry>
      <ManufacturerItemDescription>בולגרית 5% במשקל    </ManufacturerItemDescription>
      <UnitQty>Unknown</UnitQty>
      <Quantity>0.00</Quantity>
      <bIsWeighted>1</bIsWeighted>
      <UnitOfMeasure>ק"ג</UnitOfMeasure>
      <QtyInPackage>0</QtyInPackage>
      <ItemPrice>85.00</ItemPrice>
      <UnitOfMeasurePrice>85.00</UnitOfMeasurePrice>
      <AllowDiscount>1</AllowDiscount>
      <ItemStatus>1</ItemStatus>
    </Item>
    <Item>
      <PriceUpdateDate>2025-07-10 11:35</PriceUpdateDate>
      <ItemCode>5992858</ItemCode>
      <ItemType>1</ItemType>
      <ItemName>פטה 5% מעודנת במשקל</ItemName>
      <ManufacturerName>לא ידוע</ManufacturerName>
      <ManufactureCountry>IL</ManufactureCountry>
      <ManufacturerItemDescription>פטה עיזים מעודנת 5% </ManufacturerItemDescription>
      <UnitQty>Unknown</UnitQty>
      <Quantity>0.00</Quantity>
      <bIsWeighted>1</bIsWeighted>
      <UnitOfMeasure>ק"ג</UnitOfMeasure>
      <QtyInPackage>0</QtyInPackage>
      <ItemPrice>165.00</ItemPrice>
      <UnitOfMeasurePrice>165.00</UnitOfMeasurePrice>
      <AllowDiscount>1</AllowDiscount>
      <ItemStatus>1</ItemStatus>
    </Item>
    <Item>
      <PriceUpdateDate>2025-07-03 13:34</PriceUpdateDate>
      <ItemCode>5992872</ItemCode>
      <ItemType>1</ItemType>
      <ItemName>צפתית במים 5% במשקל</ItemName>
      <ManufacturerName>לא ידוע</ManufacturerName>
      <ManufactureCountry>ישראל</ManufactureCountry>
      <ManufacturerItemDescription>צפתית 5% במשקל      </ManufacturerItemDescription>
      <UnitQty>Unknown</UnitQty>
      <Quantity>0.00</Quantity>
      <bIsWeighted>1</bIsWeighted>
      <UnitOfMeasure>ק"ג</UnitOfMeasure>
      <QtyInPackage>0</QtyInPackage>
      <ItemPrice>89.00</ItemPrice>
      <UnitOfMeasurePrice>89.00</UnitOfMeasurePrice>
      <AllowDiscount>1</AllowDiscount>
      <ItemStatus>1</ItemStatus>
    </Item>
    <Item>
      <PriceUpdateDate>2024-11-18 15:47</PriceUpdateDate>
      <ItemCode>5992957</ItemCode>
      <ItemType>1</ItemType>
      <ItemName>גבינת פטה עיזים 20% במשקל</ItemName>
      <ManufacturerName>לא ידוע</ManufacturerName>
      <ManufactureCountry>ישראל</ManufactureCountry>
      <ManufacturerItemDescription>גבינת פטה עיזים 20% </ManufacturerItemDescription>
      <UnitQty>קילוגרמים</UnitQty>
      <Quantity>0.00</Quantity>
      <bIsWeighted>1</bIsWeighted>
      <UnitOfMeasure>ק"ג</UnitOfMeasure>
      <QtyInPackage>0</QtyInPackage>
      <ItemPrice>170.00</ItemPrice>
      <UnitOfMeasurePrice>170.00</UnitOfMeasurePrice>
      <AllowDiscount>1</AllowDiscount>
      <ItemStatus>1</ItemStatus>
    </Item>
    <Item>
      <PriceUpdateDate>2025-07-10 11:37</PriceUpdateDate>
      <ItemCode>5992964</ItemCode>
      <ItemType>1</ItemType>
      <ItemName>פטה כבשים מסורתי במשקל</ItemName>
      <ManufacturerName>לא ידוע</ManufacturerName>
      <ManufactureCountry>IL</ManufactureCountry>
      <ManufacturerItemDescription>פטה כבשים מסורתי    </ManufacturerItemDescription>
      <UnitQty>Unknown</UnitQty>
      <Quantity>0.00</Quantity>
      <bIsWeighted>1</bIsWeighted>
      <UnitOfMeasure>ק"ג</UnitOfMeasure>
      <QtyInPackage>0</QtyInPackage>
      <ItemPrice>155.00</ItemPrice>
      <UnitOfMeasurePrice>155.00</UnitOfMeasurePrice>
      <AllowDiscount>1</AllowDiscount>
      <ItemStatus>1</ItemStatus>
    </Item>
    <Item>
      <PriceUpdateDate>2024-12-02 15:22</PriceUpdateDate>
      <ItemCode>5998711388928</ItemCode>
      <ItemType>1</ItemType>
      <ItemName>טוק קרקרים עם גבינה 100 גרם</ItemName>
      <ManufacturerName>לא ידוע</ManufacturerName>
      <ManufactureCountry>הונגריה</ManufactureCountry>
      <ManufacturerItemDescription>טוק קרקרים עם גבינה </ManufacturerItemDescription>
      <UnitQty>גרמים</UnitQty>
      <Quantity>100.00</Quantity>
      <bIsWeighted>0</bIsWeighted>
      <UnitOfMeasure>100 גרם</UnitOfMeasure>
      <QtyInPackage>1</QtyInPackage>
      <ItemPrice>11.50</ItemPrice>
      <UnitOfMeasurePrice>11.50</UnitOfMeasurePrice>
      <AllowDiscount>1</AllowDiscount>
      <ItemStatus>1</ItemStatus>
    </Item>
    <Item>
      <PriceUpdateDate>2024-12-02 15:19</PriceUpdateDate>
      <ItemCode>5998711388935</ItemCode>
      <ItemType>1</ItemType>
      <ItemName>טוק קרקרים עם בצל וקרם 100 גרם</ItemName>
      <ManufacturerName>לא ידוע</ManufacturerName>
      <ManufactureCountry>הונגריה</ManufactureCountry>
      <ManufacturerItemDescription>טוק קרקרים עם בצל וק</ManufacturerItemDescription>
      <UnitQty>גרמים</UnitQty>
      <Quantity>100.00</Quantity>
      <bIsWeighted>0</bIsWeighted>
      <UnitOfMeasure>100 גרם</UnitOfMeasure>
      <QtyInPackage>1</QtyInPackage>
      <ItemPrice>11.50</ItemPrice>
      <UnitOfMeasurePrice>11.50</UnitOfMeasurePrice>
      <AllowDiscount>1</AllowDiscount>
      <ItemStatus>1</ItemStatus>
    </Item>
    <Item>
      <PriceUpdateDate>2025-09-30 09:16</PriceUpdateDate>
      <ItemCode>5999539460070</ItemCode>
      <ItemType>1</ItemType>
      <ItemName>סנטה וורלד-מיקס שוקלד וסנטה בשקית 120 גר</ItemName>
      <ManufacturerName>טרצ'ה וורלד ק.פ.ט</ManufacturerName>
      <ManufactureCountry>הונגריה</ManufactureCountry>
      <ManufacturerItemDescription>סנטה וורלד-מיקס שוקל</ManufacturerItemDescription>
      <UnitQty>גרמים</UnitQty>
      <Quantity>120.00</Quantity>
      <bIsWeighted>0</bIsWeighted>
      <UnitOfMeasure>100 גרם</UnitOfMeasure>
      <QtyInPackage>1</QtyInPackage>
      <ItemPrice>17.90</ItemPrice>
      <UnitOfMeasurePrice>14.92</UnitOfMeasurePrice>
      <AllowDiscount>1</AllowDiscount>
      <ItemStatus>1</ItemStatus>
    </Item>
    <Item>
      <PriceUpdateDate>2025-09-30 09:16</PriceUpdateDate>
      <ItemCode>5999539460841</ItemCode>
      <ItemType>1</ItemType>
      <ItemName>סנטה וורלד-מיקס שוקולד קריסמס בכוס 108 ג</ItemName>
      <ManufacturerName>טרצ'ה וורלד ק.פ.ט</ManufacturerName>
      <ManufactureCountry>הונגריה</ManufactureCountry>
      <ManufacturerItemDescription>סנטה וורלד-מיקס שוקו</ManufacturerItemDescription>
      <UnitQty>גרמים</UnitQty>
      <Quantity>108.00</Quantity>
      <bIsWeighted>0</bIsWeighted>
      <UnitOfMeasure>100 גרם</UnitOfMeasure>
      <QtyInPackage>1</QtyInPackage>
      <ItemPrice>35.90</ItemPrice>
      <UnitOfMeasurePrice>33.24</UnitOfMeasurePrice>
      <AllowDiscount>1</AllowDiscount>
      <ItemStatus>1</ItemStatus>
    </Item>
    <Item>
      <PriceUpdateDate>2025-09-30 09:16</PriceUpdateDate>
      <ItemCode>5999539463040</ItemCode>
      <ItemType>1</ItemType>
      <ItemName>סנטה וורלד- סנטה קלאוס 150 גרם</ItemName>
      <ManufacturerName>לא ידוע</ManufacturerName>
      <ManufactureCountry>HU</ManufactureCountry>
      <ManufacturerItemDescription>סנטה וורלד- סנטה קלא</ManufacturerItemDescription>
      <UnitQty>גרמים</UnitQty>
      <Quantity>150.00</Quantity>
      <bIsWeighted>0</bIsWeighted>
      <UnitOfMeasure>100 גרם</UnitOfMeasure>
      <QtyInPackage>1</QtyInPackage>
      <ItemPrice>17.90</ItemPrice>
      <UnitOfMeasurePrice>11.93</UnitOfMeasurePrice>
      <AllowDiscount>1</AllowDiscount>
      <ItemStatus>1</ItemStatus>
    </Item>
    <Item>
      <PriceUpdateDate>2024-01-12 17:00</PriceUpdateDate>
      <ItemCode>6001108045171</ItemCode>
      <ItemType>1</ItemType>
      <ItemName>שישיה סיידר סוואנה  6% אלכוהול 330 מ"ל</ItemName>
      <ManufacturerName>לא ידוע</ManufacturerName>
      <ManufactureCountry>ZA</ManufactureCountry>
      <ManufacturerItemDescription>שישיה סיידר סוואנה  </ManufacturerItemDescription>
      <UnitQty>מיליליטרים</UnitQty>
      <Quantity>1980.00</Quantity>
      <bIsWeighted>0</bIsWeighted>
      <UnitOfMeasure>100 מ"ל</UnitOfMeasure>
      <QtyInPackage>1</QtyInPackage>
      <ItemPrice>44.90</ItemPrice>
      <UnitOfMeasurePrice>2.27</UnitOfMeasurePrice>
      <AllowDiscount>1</AllowDiscount>
      <ItemStatus>1</ItemStatus>
    </Item>
    <Item>
      <PriceUpdateDate>2025-06-11 23:00</PriceUpdateDate>
      <ItemCode>60017505</ItemCode>
      <ItemType>1</ItemType>
      <ItemName>דאו דאב רולאון מלפפון ופרש טי 50 מ"ל</ItemName>
      <ManufacturerName>לא ידוע</ManufacturerName>
      <ManufactureCountry>דרום אפריקה</ManufactureCountry>
      <ManufacturerItemDescription>דאו דאב רולאון מלפפו</ManufacturerItemDescription>
      <UnitQty>מיליליטרים</UnitQty>
      <Quantity>50.00</Quantity>
      <bIsWeighted>0</bIsWeighted>
      <UnitOfMeasure>100 מ"ל</UnitOfMeasure>
      <QtyInPackage>1</QtyInPackage>
      <ItemPrice>13.90</ItemPrice>
      <UnitOfMeasurePrice>27.80</UnitOfMeasurePrice>
      <AllowDiscount>1</AllowDiscount>
      <ItemStatus>1</ItemStatus>
    </Item>
    <Item>
      <PriceUpdateDate>2025-01-05 19:50</PriceUpdateDate>
      <ItemCode>6008165003984</ItemCode>
      <ItemType>1</ItemType>
      <ItemName>פאל מאל כחול סטרים פילטר חפיסה</ItemName>
      <ManufacturerName>לא ידוע</ManufacturerName>
      <ManufactureCountry>לא ידוע</ManufactureCountry>
      <ManufacturerItemDescription>פאל מאל כחול סטרים פ</ManufacturerItemDescription>
      <UnitQty>יחידה</UnitQty>
      <Quantity>1.00</Quantity>
      <bIsWeighted>0</bIsWeighted>
      <UnitOfMeasure>יחידה</UnitOfMeasure>
      <QtyInPackage>1</QtyInPackage>
      <ItemPrice>39.00</ItemPrice>
      <UnitOfMeasurePrice>39.00</UnitOfMeasurePrice>
      <AllowDiscount>1</AllowDiscount>
      <ItemStatus>1</ItemStatus>
    </Item>
    <Item>
      <PriceUpdateDate>2025-01-05 19:50</PriceUpdateDate>
      <ItemCode>6008165271192</ItemCode>
      <ItemType>1</ItemType>
      <ItemName>פאל מאל אדום ארוך האוס חפיסה</ItemName>
      <ManufacturerName>לא ידוע</ManufacturerName>
      <ManufactureCountry>לא ידוע</ManufactureCountry>
      <ManufacturerItemDescription>פאל מאל אדום ארוך הא</ManufacturerItemDescription>
      <UnitQty>Unknown</UnitQty>
      <Quantity>0.00</Quantity>
      <bIsWeighted>0</bIsWeighted>
      <UnitOfMeasure>Unknown</UnitOfMeasure>
      <QtyInPackage>1</QtyInPackage>
      <ItemPrice>39.00</ItemPrice>
      <UnitOfMeasurePrice>39.00</UnitOfMeasurePrice>
      <AllowDiscount>1</AllowDiscount>
      <ItemStatus>1</ItemStatus>
    </Item>
    <Item>
      <PriceUpdateDate>2025-07-22 12:51</PriceUpdateDate>
      <ItemCode>6009804058433</ItemCode>
      <ItemType>1</ItemType>
      <ItemName>גרנד קייפ רזרב שיראז רוזה  750 מ"ל</ItemName>
      <ManufacturerName>לא ידוע</ManufacturerName>
      <ManufactureCountry>ZA</ManufactureCountry>
      <ManufacturerItemDescription>גרנד קייפ רזרב שיראז</ManufacturerItemDescription>
      <UnitQty>מיליליטרים</UnitQty>
      <Quantity>750.00</Quantity>
      <bIsWeighted>0</bIsWeighted>
      <UnitOfMeasure>100 מ"ל</UnitOfMeasure>
      <QtyInPackage>1</QtyInPackage>
      <ItemPrice>46.90</ItemPrice>
      <UnitOfMeasurePrice>6.25</UnitOfMeasurePrice>
      <AllowDiscount>1</AllowDiscount>
      <ItemStatus>1</ItemStatus>
    </Item>
    <Item>
      <PriceUpdateDate>2025-07-22 12:51</PriceUpdateDate>
      <ItemCode>6009804058471</ItemCode>
      <ItemType>1</ItemType>
      <ItemName>גרנד קייפ רזרב שרדונה כשל"פ 750 מ"ל</ItemName>
      <ManufacturerName>לא ידוע</ManufacturerName>
      <ManufactureCountry>ZA</ManufactureCountry>
      <ManufacturerItemDescription>גרנד קייפ רזרב שרדונ</ManufacturerItemDescription>
      <UnitQty>מיליליטרים</UnitQty>
      <Quantity>750.00</Quantity>
      <bIsWeighted>0</bIsWeighted>
      <UnitOfMeasure>100 מ"ל</UnitOfMeasure>
      <QtyInPackage>1</QtyInPackage>
      <ItemPrice>46.90</ItemPrice>
      <UnitOfMeasurePrice>6.25</UnitOfMeasurePrice>
      <AllowDiscount>1</AllowDiscount>
      <ItemStatus>1</ItemStatus>
    </Item>
    <Item>
      <PriceUpdateDate>2025-03-11 08:15</PriceUpdateDate>
      <ItemCode>60903441089</ItemCode>
      <ItemType>1</ItemType>
      <ItemName>רוטב ראנץ 475 גרם</ItemName>
      <ManufacturerName>לא ידוע</ManufacturerName>
      <ManufactureCountry>לא ידוע</ManufactureCountry>
      <ManufacturerItemDescription>רוטב ראנץ 475 גרם   </ManufacturerItemDescription>
      <UnitQty>גרמים</UnitQty>
      <Quantity>475.00</Quantity>
      <bIsWeighted>0</bIsWeighted>
      <UnitOfMeasure>100 גרם</UnitOfMeasure>
      <QtyInPackage>1</QtyInPackage>
      <ItemPrice>35.90</ItemPrice>
      <UnitOfMeasurePrice>7.56</UnitOfMeasurePrice>
      <AllowDiscount>1</AllowDiscount>
      <ItemStatus>1</ItemStatus>
    </Item>
    <Item>
      <PriceUpdateDate>2025-09-16 12:36</PriceUpdateDate>
      <ItemCode>60903441249</ItemCode>
      <ItemType>1</ItemType>
      <ItemName>סיבונה רוטב דבש בלסמי 475 מ"ל</ItemName>
      <ManufacturerName>לא ידוע</ManufacturerName>
      <ManufactureCountry>קנדה</ManufactureCountry>
      <ManufacturerItemDescription>סיבונה רוטב דבש בלסמ</ManufacturerItemDescription>
      <UnitQty>מיליליטרים</UnitQty>
      <Quantity>475.00</Quantity>
      <bIsWeighted>0</bIsWeighted>
      <UnitOfMeasure>100 מ"ל</UnitOfMeasure>
      <QtyInPackage>1</QtyInPackage>
      <ItemPrice>35.90</ItemPrice>
      <UnitOfMeasurePrice>7.56</UnitOfMeasurePrice>
      <AllowDiscount>1</AllowDiscount>
      <ItemStatus>1</ItemStatus>
    </Item>
    <Item>
      <PriceUpdateDate>2024-06-22 21:08</PriceUpdateDate>
      <ItemCode>613008753320</ItemCode>
      <ItemType>1</ItemType>
      <ItemName>אריזונה גינסנג ודבש 450 מ"ל</ItemName>
      <ManufacturerName>לא ידוע</ManufacturerName>
      <ManufactureCountry>בולגריה</ManufactureCountry>
      <ManufacturerItemDescription>אריזונה גינסנג ודבש </ManufacturerItemDescription>
      <UnitQty>מיליליטרים</UnitQty>
      <Quantity>450.00</Quantity>
      <bIsWeighted>0</bIsWeighted>
      <UnitOfMeasure>100 מ"ל</UnitOfMeasure>
      <QtyInPackage>1</QtyInPackage>
      <ItemPrice>8.90</ItemPrice>
      <UnitOfMeasurePrice>1.98</UnitOfMeasurePrice>
      <AllowDiscount>1</AllowDiscount>
      <ItemStatus>1</ItemStatus>
    </Item>
    <Item>
      <PriceUpdateDate>2025-08-22 12:40</PriceUpdateDate>
      <ItemCode>614156062791</ItemCode>
      <ItemType>1</ItemType>
      <ItemName>חטיף תפו"א בטעם צילי ליים 85 גרם</ItemName>
      <ManufacturerName>לא ידוע</ManufacturerName>
      <ManufactureCountry>ארה"ב</ManufactureCountry>
      <ManufacturerItemDescription>חטיף תפו"א בטעם צילי</ManufacturerItemDescription>
      <UnitQty>גרמים</UnitQty>
      <Quantity>85.00</Quantity>
      <bIsWeighted>0</bIsWeighted>
      <UnitOfMeasure>100 גרם</UnitOfMeasure>
      <QtyInPackage>1</QtyInPackage>
      <ItemPrice>18.90</ItemPrice>
      <UnitOfMeasurePrice>22.24</UnitOfMeasurePrice>
      <AllowDiscount>1</AllowDiscount>
      <ItemStatus>1</ItemStatus>
    </Item>
    <Item>
      <PriceUpdateDate>2025-08-22 12:40</PriceUpdateDate>
      <ItemCode>614156062845</ItemCode>
      <ItemType>1</ItemType>
      <ItemName>חטיף תפו"א בטעם פלפל בייקון 85 גרם</ItemName>
      <ManufacturerName>לא ידוע</ManufacturerName>
      <ManufactureCountry>ארה"ב</ManufactureCountry>
      <ManufacturerItemDescription>חטיף תפו"א בטעם פלפל</ManufacturerItemDescription>
      <UnitQty>גרמים</UnitQty>
      <Quantity>85.00</Quantity>
      <bIsWeighted>0</bIsWeighted>
      <UnitOfMeasure>100 גרם</UnitOfMeasure>
      <QtyInPackage>1</QtyInPackage>
      <ItemPrice>18.90</ItemPrice>
      <UnitOfMeasurePrice>22.24</UnitOfMeasurePrice>
      <AllowDiscount>1</AllowDiscount>
      <ItemStatus>1</ItemStatus>
    </Item>
    <Item>
      <PriceUpdateDate>2024-11-17 13:15</PriceUpdateDate>
      <ItemCode>6188663</ItemCode>
      <ItemType>1</ItemType>
      <ItemName>חזה הודו ברביקיו דל שומן מזרע</ItemName>
      <ManufacturerName>לא ידוע</ManufacturerName>
      <ManufactureCountry>לא ידוע</ManufactureCountry>
      <ManufacturerItemDescription>חזה הודו דל שומן    </ManufacturerItemDescription>
      <UnitQty>Unknown</UnitQty>
      <Quantity>0.00</Quantity>
      <bIsWeighted>1</bIsWeighted>
      <UnitOfMeasure>ק"ג</UnitOfMeasure>
      <QtyInPackage>0</QtyInPackage>
      <ItemPrice>109.00</ItemPrice>
      <UnitOfMeasurePrice>109.00</UnitOfMeasurePrice>
      <AllowDiscount>1</AllowDiscount>
      <ItemStatus>1</ItemStatus>
    </Item>
    <Item>
      <PriceUpdateDate>2024-11-17 13:15</PriceUpdateDate>
      <ItemCode>6188717</ItemCode>
      <ItemType>1</ItemType>
      <ItemName>חזה הודו רומני דל שומן מזרע</ItemName>
      <ManufacturerName>לא ידוע</ManufacturerName>
      <ManufactureCountry>לא ידוע</ManufactureCountry>
      <ManufacturerItemDescription>חזה הודו רומני דל.ש </ManufacturerItemDescription>
      <UnitQty>Unknown</UnitQty>
      <Quantity>0.00</Quantity>
      <bIsWeighted>1</bIsWeighted>
      <UnitOfMeasure>ק"ג</UnitOfMeasure>
      <QtyInPackage>0</QtyInPackage>
      <ItemPrice>105.00</ItemPrice>
      <UnitOfMeasurePrice>105.00</UnitOfMeasurePrice>
      <AllowDiscount>1</AllowDiscount>
      <ItemStatus>1</ItemStatus>
    </Item>
    <Item>
      <PriceUpdateDate>2025-09-05 09:14</PriceUpdateDate>
      <ItemCode>6253017300029</ItemCode>
      <ItemType>1</ItemType>
      <ItemName>טחינה יונה כחולה 1 ק</ItemName>
      <ManufacturerName>לא ידוע</ManufacturerName>
      <ManufactureCountry>לא ידוע</ManufactureCountry>
      <ManufacturerItemDescription>טחינה יונה כחולה 1 ק</ManufacturerItemDescription>
      <UnitQty>גרמים</UnitQty>
      <Quantity>1000.00</Quantity>
      <bIsWeighted>0</bIsWeighted>
      <UnitOfMeasure>100 גרם</UnitOfMeasure>
      <QtyInPackage>1</QtyInPackage>
      <ItemPrice>39.90</ItemPrice>
      <UnitOfMeasurePrice>3.99</UnitOfMeasurePrice>
      <AllowDiscount>1</AllowDiscount>
      <ItemStatus>1</ItemStatus>
    </Item>
    <Item>
      <PriceUpdateDate>2024-11-18 15:50</PriceUpdateDate>
      <ItemCode>6413467234804</ItemCode>
      <ItemType>1</ItemType>
      <ItemName>FAZER- טוסט שיפון מלא חום 215 ג</ItemName>
      <ManufacturerName>לא ידוע</ManufacturerName>
      <ManufactureCountry>פינלנד</ManufactureCountry>
      <ManufacturerItemDescription>FAZER- טוסט שיפון מל</ManufacturerItemDescription>
      <UnitQty>גרמים</UnitQty>
      <Quantity>215.00</Quantity>
      <bIsWeighted>0</bIsWeighted>
      <UnitOfMeasure>100 גרם</UnitOfMeasure>
      <QtyInPackage>1</QtyInPackage>
      <ItemPrice>20.90</ItemPrice>
      <UnitOfMeasurePrice>9.72</UnitOfMeasurePrice>
      <AllowDiscount>1</AllowDiscount>
      <ItemStatus>1</ItemStatus>
    </Item>
    <Item>
      <PriceUpdateDate>2024-01-10 20:39</PriceUpdateDate>
      <ItemCode>64144090020</ItemCode>
      <ItemType>1</ItemType>
      <ItemName>ספריי שמן PAM בטעם שמן זית 141 מ"ל</ItemName>
      <ManufacturerName>לא ידוע</ManufacturerName>
      <ManufactureCountry>לא ידוע</ManufactureCountry>
      <ManufacturerItemDescription>ספריי שמן PAM בטעם ש</ManufacturerItemDescription>
      <UnitQty>מיליליטרים</UnitQty>
      <Quantity>141.00</Quantity>
      <bIsWeighted>0</bIsWeighted>
      <UnitOfMeasure>100 מ"ל</UnitOfMeasure>
      <QtyInPackage>1</QtyInPackage>
      <ItemPrice>23.90</ItemPrice>
      <UnitOfMeasurePrice>16.95</UnitOfMeasurePrice>
      <AllowDiscount>1</AllowDiscount>
      <ItemStatus>1</ItemStatus>
    </Item>
    <Item>
      <PriceUpdateDate>2025-06-03 16:07</PriceUpdateDate>
      <ItemCode>6416453072763</ItemCode>
      <ItemType>1</ItemType>
      <ItemName>פייזר-גיישה שוקו חלב קרמל מלוח 150 גר</ItemName>
      <ManufacturerName>לא ידוע</ManufacturerName>
      <ManufactureCountry>פינלנד</ManufactureCountry>
      <ManufacturerItemDescription>פייזר-גיישה שוקו חלב</ManufacturerItemDescription>
      <UnitQty>גרמים</UnitQty>
      <Quantity>150.00</Quantity>
      <bIsWeighted>0</bIsWeighted>
      <UnitOfMeasure>100 גרם</UnitOfMeasure>
      <QtyInPackage>1</QtyInPackage>
      <ItemPrice>25.90</ItemPrice>
      <UnitOfMeasurePrice>17.27</UnitOfMeasurePrice>
      <AllowDiscount>1</AllowDiscount>
      <ItemStatus>1</ItemStatus>
    </Item>
    <Item>
      <PriceUpdateDate>2025-03-06 07:45</PriceUpdateDate>
      <ItemCode>6440003100026</ItemCode>
      <ItemType>1</ItemType>
      <ItemName>וודקה פינלנדיה 1 ליטר</ItemName>
      <ManufacturerName>לא ידוע</ManufacturerName>
      <ManufactureCountry>לא ידוע</ManufactureCountry>
      <ManufacturerItemDescription>וודקה פינלנדיה 1 ליט</ManufacturerItemDescription>
      <UnitQty>מיליליטרים</UnitQty>
      <Quantity>1000.00</Quantity>
      <bIsWeighted>0</bIsWeighted>
      <UnitOfMeasure>100 מ"ל</UnitOfMeasure>
      <QtyInPackage>1</QtyInPackage>
      <ItemPrice>107.90</ItemPrice>
      <UnitOfMeasurePrice>10.79</UnitOfMeasurePrice>
      <AllowDiscount>1</AllowDiscount>
      <ItemStatus>1</ItemStatus>
    </Item>
    <Item>
      <PriceUpdateDate>2025-09-05 09:14</PriceUpdateDate>
      <ItemCode>6440003100095</ItemCode>
      <ItemType>1</ItemType>
      <ItemName>וודקה פינלנדיה 700 מ"ל</ItemName>
      <ManufacturerName>לא ידוע</ManufacturerName>
      <ManufactureCountry>לא ידוע</ManufactureCountry>
      <ManufacturerItemDescription>וודקה פינלנדיה 700 מ</ManufacturerItemDescription>
      <UnitQty>מיליליטרים</UnitQty>
      <Quantity>700.00</Quantity>
      <bIsWeighted>0</bIsWeighted>
      <UnitOfMeasure>100 מ"ל</UnitOfMeasure>
      <QtyInPackage>1</QtyInPackage>
      <ItemPrice>82.90</ItemPrice>
      <UnitOfMeasurePrice>11.84</UnitOfMeasurePrice>
      <AllowDiscount>1</AllowDiscount>
      <ItemStatus>1</ItemStatus>
    </Item>
    <Item>
      <PriceUpdateDate>2025-03-25 06:55</PriceUpdateDate>
      <ItemCode>644209301423</ItemCode>
      <ItemType>1</ItemType>
      <ItemName>באטרוורס תערובת להכנת פנקייק וואפל 907 ג</ItemName>
      <ManufacturerName>לא ידוע</ManufacturerName>
      <ManufactureCountry />
      <ManufacturerItemDescription>באטרוורס תערובת להכנ</ManufacturerItemDescription>
      <UnitQty>גרמים</UnitQty>
      <Quantity>907.00</Quantity>
      <bIsWeighted>0</bIsWeighted>
      <UnitOfMeasure>100 גרם</UnitOfMeasure>
      <QtyInPackage>1</QtyInPackage>
      <ItemPrice>39.90</ItemPrice>
      <UnitOfMeasurePrice>4.40</UnitOfMeasurePrice>
      <AllowDiscount>1</AllowDiscount>
      <ItemStatus>1</ItemStatus>
    </Item>
    <Item>
      <PriceUpdateDate>2025-03-16 07:19</PriceUpdateDate>
      <ItemCode>645173911038</ItemCode>
      <ItemType>1</ItemType>
      <ItemName>קורנישון מיני בצנצנת 670 גרם</ItemName>
      <ManufacturerName>לא ידוע</ManufacturerName>
      <ManufactureCountry>לא ידוע</ManufactureCountry>
      <ManufacturerItemDescription>קורנישון מיני בצנצנת</ManufacturerItemDescription>
      <UnitQty>גרמים</UnitQty>
      <Quantity>670.00</Quantity>
      <bIsWeighted>0</bIsWeighted>
      <UnitOfMeasure>100 גרם</UnitOfMeasure>
      <QtyInPackage>1</QtyInPackage>
      <ItemPrice>15.20</ItemPrice>
      <UnitOfMeasurePrice>2.27</UnitOfMeasurePrice>
      <AllowDiscount>1</AllowDiscount>
      <ItemStatus>1</ItemStatus>
    </Item>
    <Item>
      <PriceUpdateDate>2025-03-25 07:07</PriceUpdateDate>
      <ItemCode>649660432020</ItemCode>
      <ItemType>1</ItemType>
      <ItemName>היל ויו שזיפים מיובשים מגולענים 567 גרם</ItemName>
      <ManufacturerName>לא ידוע</ManufacturerName>
      <ManufactureCountry>לא ידוע</ManufactureCountry>
      <ManufacturerItemDescription>היל ויו שזיפים מיובש</ManufacturerItemDescription>
      <UnitQty>גרמים</UnitQty>
      <Quantity>452.00</Quantity>
      <bIsWeighted>0</bIsWeighted>
      <UnitOfMeasure>100 גרם</UnitOfMeasure>
      <QtyInPackage>1</QtyInPackage>
      <ItemPrice>43.90</ItemPrice>
      <UnitOfMeasurePrice>9.71</UnitOfMeasurePrice>
      <AllowDiscount>1</AllowDiscount>
      <ItemStatus>1</ItemStatus>
    </Item>
    <Item>
      <PriceUpdateDate>2021-07-08 22:21</PriceUpdateDate>
      <ItemCode>649870166142</ItemCode>
      <ItemType>1</ItemType>
      <ItemName>נייטיב פטה עוף לגור </ItemName>
      <ManufacturerName>לא ידוע</ManufacturerName>
      <ManufactureCountry />
      <ManufacturerItemDescription>נייטיב פטה עוף לגור </ManufacturerItemDescription>
      <UnitQty>Unknown</UnitQty>
      <Quantity>1.00</Quantity>
      <bIsWeighted>0</bIsWeighted>
      <UnitOfMeasure>Unknown</UnitOfMeasure>
      <QtyInPackage>1</QtyInPackage>
      <ItemPrice>4.90</ItemPrice>
      <UnitOfMeasurePrice>4.90</UnitOfMeasurePrice>
      <AllowDiscount>1</AllowDiscount>
      <ItemStatus>1</ItemStatus>
    </Item>
    <Item>
      <PriceUpdateDate>2025-02-27 10:00</PriceUpdateDate>
      <ItemCode>6519320</ItemCode>
      <ItemType>1</ItemType>
      <ItemName>תחליף גבינה מעושנת במשקל GURMAN</ItemName>
      <ManufacturerName>לא ידוע</ManufacturerName>
      <ManufactureCountry>לא ידוע</ManufactureCountry>
      <ManufacturerItemDescription>גבינה אנלוגי מעושנת </ManufacturerItemDescription>
      <UnitQty>Unknown</UnitQty>
      <Quantity>0.00</Quantity>
      <bIsWeighted>1</bIsWeighted>
      <UnitOfMeasure>ק"ג</UnitOfMeasure>
      <QtyInPackage>0</QtyInPackage>
      <ItemPrice>103.00</ItemPrice>
      <UnitOfMeasurePrice>103.00</UnitOfMeasurePrice>
      <AllowDiscount>1</AllowDiscount>
      <ItemStatus>1</ItemStatus>
    </Item>
    <Item>
      <PriceUpdateDate>2024-06-27 13:46</PriceUpdateDate>
      <ItemCode>6520463</ItemCode>
      <ItemType>1</ItemType>
      <ItemName>עוף מחולק- טרי</ItemName>
      <ManufacturerName>לא ידוע</ManufacturerName>
      <ManufactureCountry>לא ידוע</ManufactureCountry>
      <ManufacturerItemDescription>עוף מחולק טרי       </ManufacturerItemDescription>
      <UnitQty>Unknown</UnitQty>
      <Quantity>0.00</Quantity>
      <bIsWeighted>1</bIsWeighted>
      <UnitOfMeasure>ק"ג</UnitOfMeasure>
      <QtyInPackage>0</QtyInPackage>
      <ItemPrice>22.90</ItemPrice>
      <UnitOfMeasurePrice>22.90</UnitOfMeasurePrice>
      <AllowDiscount>1</AllowDiscount>
      <ItemStatus>1</ItemStatus>
    </Item>
    <Item>
      <PriceUpdateDate>2024-07-04 09:17</PriceUpdateDate>
      <ItemCode>6520531</ItemCode>
      <ItemType>1</ItemType>
      <ItemName>עוף שלם טרי</ItemName>
      <ManufacturerName>לא ידוע</ManufacturerName>
      <ManufactureCountry>IL</ManufactureCountry>
      <ManufacturerItemDescription>עוף שלם טרי         </ManufacturerItemDescription>
      <UnitQty>Unknown</UnitQty>
      <Quantity>0.00</Quantity>
      <bIsWeighted>1</bIsWeighted>
      <UnitOfMeasure>ק"ג</UnitOfMeasure>
      <QtyInPackage>0</QtyInPackage>
      <ItemPrice>21.90</ItemPrice>
      <UnitOfMeasurePrice>21.90</UnitOfMeasurePrice>
      <AllowDiscount>1</AllowDiscount>
      <ItemStatus>1</ItemStatus>
    </Item>
    <Item>
      <PriceUpdateDate>2025-07-01 06:22</PriceUpdateDate>
      <ItemCode>6559203</ItemCode>
      <ItemType>1</ItemType>
      <ItemName>כדורי מוצרלה בופלו במשקל</ItemName>
      <ManufacturerName>לא ידוע</ManufacturerName>
      <ManufactureCountry>לא ידוע</ManufactureCountry>
      <ManufacturerItemDescription>כדורי מוצרלה בופלו  </ManufacturerItemDescription>
      <UnitQty>Unknown</UnitQty>
      <Quantity>0.00</Quantity>
      <bIsWeighted>1</bIsWeighted>
      <UnitOfMeasure>ק"ג</UnitOfMeasure>
      <QtyInPackage>0</QtyInPackage>
      <ItemPrice>199.00</ItemPrice>
      <UnitOfMeasurePrice>199.00</UnitOfMeasurePrice>
      <AllowDiscount>1</AllowDiscount>
      <ItemStatus>1</ItemStatus>
    </Item>
    <Item>
      <PriceUpdateDate>2025-05-20 23:00</PriceUpdateDate>
      <ItemCode>667342800165</ItemCode>
      <ItemType>1</ItemType>
      <ItemName>בראוניז שוקולד עם שבבי שוקולד מריר 50 ג</ItemName>
      <ManufacturerName>לא ידוע</ManufacturerName>
      <ManufactureCountry>ספרד</ManufactureCountry>
      <ManufacturerItemDescription>בראוניז שוקולד עם שב</ManufacturerItemDescription>
      <UnitQty>גרמים</UnitQty>
      <Quantity>50.00</Quantity>
      <bIsWeighted>0</bIsWeighted>
      <UnitOfMeasure>100 גרם</UnitOfMeasure>
      <QtyInPackage>1</QtyInPackage>
      <ItemPrice>4.90</ItemPrice>
      <UnitOfMeasurePrice>9.80</UnitOfMeasurePrice>
      <AllowDiscount>1</AllowDiscount>
      <ItemStatus>1</ItemStatus>
    </Item>
    <Item>
      <PriceUpdateDate>2024-11-17 13:15</PriceUpdateDate>
      <ItemCode>6835161</ItemCode>
      <ItemType>1</ItemType>
      <ItemName>פסטרמה לבנה רוסית מעושנת מזרע</ItemName>
      <ManufacturerName>לא ידוע</ManufacturerName>
      <ManufactureCountry>לא ידוע</ManufactureCountry>
      <ManufacturerItemDescription>פסטרמה לבנה רוסית   </ManufacturerItemDescription>
      <UnitQty>Unknown</UnitQty>
      <Quantity>0.00</Quantity>
      <bIsWeighted>1</bIsWeighted>
      <UnitOfMeasure>ק"ג</UnitOfMeasure>
      <QtyInPackage>0</QtyInPackage>
      <ItemPrice>145.00</ItemPrice>
      <UnitOfMeasurePrice>145.00</UnitOfMeasurePrice>
      <AllowDiscount>1</AllowDiscount>
      <ItemStatus>1</ItemStatus>
    </Item>
    <Item>
      <PriceUpdateDate>2025-07-10 11:36</PriceUpdateDate>
      <ItemCode>6837509</ItemCode>
      <ItemType>1</ItemType>
      <ItemName>גבינת דנאבלו דנמרק במשקל</ItemName>
      <ManufacturerName>לא ידוע</ManufacturerName>
      <ManufactureCountry>לא ידוע</ManufactureCountry>
      <ManufacturerItemDescription>גבינת דנאבלו דנמרק  </ManufacturerItemDescription>
      <UnitQty>Unknown</UnitQty>
      <Quantity>0.00</Quantity>
      <bIsWeighted>1</bIsWeighted>
      <UnitOfMeasure>ק"ג</UnitOfMeasure>
      <QtyInPackage>0</QtyInPackage>
      <ItemPrice>159.00</ItemPrice>
      <UnitOfMeasurePrice>159.00</UnitOfMeasurePrice>
      <AllowDiscount>1</AllowDiscount>
      <ItemStatus>1</ItemStatus>
    </Item>
    <Item>
      <PriceUpdateDate>2024-07-07 18:02</PriceUpdateDate>
      <ItemCode>6910191800287</ItemCode>
      <ItemType>1</ItemType>
      <ItemName>אצות נורי בלו 10 דפים</ItemName>
      <ManufacturerName>לא ידוע</ManufacturerName>
      <ManufactureCountry>לא ידוע</ManufactureCountry>
      <ManufacturerItemDescription>אצות נורי בלו 10 דפי</ManufacturerItemDescription>
      <UnitQty>Unknown</UnitQty>
      <Quantity>0.00</Quantity>
      <bIsWeighted>0</bIsWeighted>
      <UnitOfMeasure>Unknown</UnitOfMeasure>
      <QtyInPackage>1</QtyInPackage>
      <ItemPrice>14.90</ItemPrice>
      <UnitOfMeasurePrice>14.90</UnitOfMeasurePrice>
      <AllowDiscount>1</AllowDiscount>
      <ItemStatus>1</ItemStatus>
    </Item>
    <Item>
      <PriceUpdateDate>2021-07-21 14:42</PriceUpdateDate>
      <ItemCode>6912977000140</ItemCode>
      <ItemType>1</ItemType>
      <ItemName>אטריות שעועית דקות 250 גרם</ItemName>
      <ManufacturerName>לא ידוע</ManufacturerName>
      <ManufactureCountry>לא ידוע</ManufactureCountry>
      <ManufacturerItemDescription>אטריות שעועית דקות 2</ManufacturerItemDescription>
      <UnitQty>גרמים</UnitQty>
      <Quantity>250.00</Quantity>
      <bIsWeighted>0</bIsWeighted>
      <UnitOfMeasure>100 גרם</UnitOfMeasure>
      <QtyInPackage>1</QtyInPackage>
      <ItemPrice>9.90</ItemPrice>
      <UnitOfMeasurePrice>3.96</UnitOfMeasurePrice>
      <AllowDiscount>1</AllowDiscount>
      <ItemStatus>1</ItemStatus>
    </Item>
    <Item>
      <PriceUpdateDate>2025-03-11 08:09</PriceUpdateDate>
      <ItemCode>6920510505175</ItemCode>
      <ItemType>1</ItemType>
      <ItemName>צעצוע בובה 1 עם ממתק סוויט בוקס 10 גר</ItemName>
      <ManufacturerName>לא ידוע</ManufacturerName>
      <ManufactureCountry>סין</ManufactureCountry>
      <ManufacturerItemDescription>צעצוע בובה 1 עם ממתק</ManufacturerItemDescription>
      <UnitQty>גרמים</UnitQty>
      <Quantity>10.00</Quantity>
      <bIsWeighted>0</bIsWeighted>
      <UnitOfMeasure>100 גרם</UnitOfMeasure>
      <QtyInPackage>1</QtyInPackage>
      <ItemPrice>16.50</ItemPrice>
      <UnitOfMeasurePrice>165.00</UnitOfMeasurePrice>
      <AllowDiscount>1</AllowDiscount>
      <ItemStatus>1</ItemStatus>
    </Item>
    <Item>
      <PriceUpdateDate>2025-03-25 06:57</PriceUpdateDate>
      <ItemCode>6921052701001</ItemCode>
      <ItemType>1</ItemType>
      <ItemName>אצות ווקאמה 40 גרם</ItemName>
      <ManufacturerName>לא ידוע</ManufacturerName>
      <ManufactureCountry>לא ידוע</ManufactureCountry>
      <ManufacturerItemDescription>אצות ווקאמה 40 גרם  </ManufacturerItemDescription>
      <UnitQty>גרמים</UnitQty>
      <Quantity>40.00</Quantity>
      <bIsWeighted>0</bIsWeighted>
      <UnitOfMeasure>100 גרם</UnitOfMeasure>
      <QtyInPackage>1</QtyInPackage>
      <ItemPrice>13.50</ItemPrice>
      <UnitOfMeasurePrice>33.75</UnitOfMeasurePrice>
      <AllowDiscount>1</AllowDiscount>
      <ItemStatus>1</ItemStatus>
    </Item>
    <Item>
      <PriceUpdateDate>2025-03-25 06:58</PriceUpdateDate>
      <ItemCode>6922276100083</ItemCode>
      <ItemType>1</ItemType>
      <ItemName>מחית וואסבי - חזרת 43 גרם דליאן</ItemName>
      <ManufacturerName>לא ידוע</ManufacturerName>
      <ManufactureCountry>לא ידוע</ManufactureCountry>
      <ManufacturerItemDescription>מחית וואסבי - חזרת 4</ManufacturerItemDescription>
      <UnitQty>גרמים</UnitQty>
      <Quantity>43.00</Quantity>
      <bIsWeighted>0</bIsWeighted>
      <UnitOfMeasure>100 גרם</UnitOfMeasure>
      <QtyInPackage>1</QtyInPackage>
      <ItemPrice>13.20</ItemPrice>
      <UnitOfMeasurePrice>30.70</UnitOfMeasurePrice>
      <AllowDiscount>1</AllowDiscount>
      <ItemStatus>1</ItemStatus>
    </Item>
    <Item>
      <PriceUpdateDate>2025-06-05 17:08</PriceUpdateDate>
      <ItemCode>6922347260296</ItemCode>
      <ItemType>1</ItemType>
      <ItemName>מרשמלו מהאגדות חיות בונבוניירה 110 גרם</ItemName>
      <ManufacturerName>ג'קו סיקי פוד קו</ManufacturerName>
      <ManufactureCountry>סין</ManufactureCountry>
      <ManufacturerItemDescription>מרשמלו מהאגדות חיות </ManufacturerItemDescription>
      <UnitQty>גרמים</UnitQty>
      <Quantity>110.00</Quantity>
      <bIsWeighted>0</bIsWeighted>
      <UnitOfMeasure>100 גרם</UnitOfMeasure>
      <QtyInPackage>1</QtyInPackage>
      <ItemPrice>17.90</ItemPrice>
      <UnitOfMeasurePrice>16.27</UnitOfMeasurePrice>
      <AllowDiscount>1</AllowDiscount>
      <ItemStatus>1</ItemStatus>
    </Item>
    <Item>
      <PriceUpdateDate>2025-06-05 17:08</PriceUpdateDate>
      <ItemCode>6922347260302</ItemCode>
      <ItemType>1</ItemType>
      <ItemName>מרשמלו מהאגדות צבעוני בונבוניירה 110 גרם</ItemName>
      <ManufacturerName>ג'קו סיקי פוד קו</ManufacturerName>
      <ManufactureCountry>סין</ManufactureCountry>
      <ManufacturerItemDescription>מרשמלו מהאגדות צבעונ</ManufacturerItemDescription>
      <UnitQty>גרמים</UnitQty>
      <Quantity>110.00</Quantity>
      <bIsWeighted>0</bIsWeighted>
      <UnitOfMeasure>100 גרם</UnitOfMeasure>
      <QtyInPackage>1</QtyInPackage>
      <ItemPrice>17.90</ItemPrice>
      <UnitOfMeasurePrice>16.27</UnitOfMeasurePrice>
      <AllowDiscount>1</AllowDiscount>
      <ItemStatus>1</ItemStatus>
    </Item>
    <Item>
      <PriceUpdateDate>2024-03-06 13:30</PriceUpdateDate>
      <ItemCode>6926865211457</ItemCode>
      <ItemType>1</ItemType>
      <ItemName>מצת צבעוני אלקטרוני</ItemName>
      <ManufacturerName>לא ידוע</ManufacturerName>
      <ManufactureCountry>לא ידוע</ManufactureCountry>
      <ManufacturerItemDescription>מצת צבעוני אלקטרוני </ManufacturerItemDescription>
      <UnitQty>Unknown</UnitQty>
      <Quantity>0.00</Quantity>
      <bIsWeighted>0</bIsWeighted>
      <UnitOfMeasure>Unknown</UnitOfMeasure>
      <QtyInPackage>1</QtyInPackage>
      <ItemPrice>4.90</ItemPrice>
      <UnitOfMeasurePrice>4.90</UnitOfMeasurePrice>
      <AllowDiscount>1</AllowDiscount>
      <ItemStatus>1</ItemStatus>
    </Item>
    <Item>
      <PriceUpdateDate>2025-10-29 17:43</PriceUpdateDate>
      <ItemCode>6927749852018</ItemCode>
      <ItemType>1</ItemType>
      <ItemName>וונפי שימורי כלב פטה כבש 375 גרם</ItemName>
      <ManufacturerName>לא ידוע</ManufacturerName>
      <ManufactureCountry />
      <ManufacturerItemDescription>וונפי שימורי כלב פטה</ManufacturerItemDescription>
      <UnitQty>גרמים</UnitQty>
      <Quantity>375.00</Quantity>
      <bIsWeighted>0</bIsWeighted>
      <UnitOfMeasure>100 גרם</UnitOfMeasure>
      <QtyInPackage>1</QtyInPackage>
      <ItemPrice>6.90</ItemPrice>
      <UnitOfMeasurePrice>1.84</UnitOfMeasurePrice>
      <AllowDiscount>1</AllowDiscount>
      <ItemStatus>1</ItemStatus>
    </Item>
    <Item>
      <PriceUpdateDate>2024-12-12 16:48</PriceUpdateDate>
      <ItemCode>6930642389000</ItemCode>
      <ItemType>1</ItemType>
      <ItemName>רולר דבק            </ItemName>
      <ManufacturerName>לא ידוע</ManufacturerName>
      <ManufactureCountry>לא ידוע</ManufactureCountry>
      <ManufacturerItemDescription>רולר דבק            </ManufacturerItemDescription>
      <UnitQty>Unknown</UnitQty>
      <Quantity>0.00</Quantity>
      <bIsWeighted>0</bIsWeighted>
      <UnitOfMeasure>Unknown</UnitOfMeasure>
      <QtyInPackage>1</QtyInPackage>
      <ItemPrice>9.90</ItemPrice>
      <UnitOfMeasurePrice>9.90</UnitOfMeasurePrice>
      <AllowDiscount>1</AllowDiscount>
      <ItemStatus>1</ItemStatus>
    </Item>
    <Item>
      <PriceUpdateDate>2025-03-25 06:58</PriceUpdateDate>
      <ItemCode>6934731200078</ItemCode>
      <ItemType>1</ItemType>
      <ItemName>אטריות טריות דקות 200 גרם</ItemName>
      <ManufacturerName>לא ידוע</ManufacturerName>
      <ManufactureCountry>סין</ManufactureCountry>
      <ManufacturerItemDescription>אטריות טריות דקות 20</ManufacturerItemDescription>
      <UnitQty>גרמים</UnitQty>
      <Quantity>200.00</Quantity>
      <bIsWeighted>0</bIsWeighted>
      <UnitOfMeasure>100 גרם</UnitOfMeasure>
      <QtyInPackage>1</QtyInPackage>
      <ItemPrice>9.90</ItemPrice>
      <UnitOfMeasurePrice>4.95</UnitOfMeasurePrice>
      <AllowDiscount>1</AllowDiscount>
      <ItemStatus>1</ItemStatus>
    </Item>
    <Item>
      <PriceUpdateDate>2025-03-25 06:58</PriceUpdateDate>
      <ItemCode>6934731210138</ItemCode>
      <ItemType>1</ItemType>
      <ItemName>אטריות טריות עבות 200 גרם</ItemName>
      <ManufacturerName>לא ידוע</ManufacturerName>
      <ManufactureCountry>סין</ManufactureCountry>
      <ManufacturerItemDescription>אטריות טריות עבות 20</ManufacturerItemDescription>
      <UnitQty>גרמים</UnitQty>
      <Quantity>200.00</Quantity>
      <bIsWeighted>0</bIsWeighted>
      <UnitOfMeasure>100 גרם</UnitOfMeasure>
      <QtyInPackage>1</QtyInPackage>
      <ItemPrice>9.90</ItemPrice>
      <UnitOfMeasurePrice>4.95</UnitOfMeasurePrice>
      <AllowDiscount>1</AllowDiscount>
      <ItemStatus>1</ItemStatus>
    </Item>
    <Item>
      <PriceUpdateDate>2024-01-13 16:14</PriceUpdateDate>
      <ItemCode>693493139076</ItemCode>
      <ItemType>1</ItemType>
      <ItemName>גלידת ריבת חלל טבעונית 350 גרם</ItemName>
      <ManufacturerName>לא ידוע</ManufacturerName>
      <ManufactureCountry>לא ידוע</ManufactureCountry>
      <ManufacturerItemDescription>גלידת ריבת חלל טבעונ</ManufacturerItemDescription>
      <UnitQty>גרמים</UnitQty>
      <Quantity>350.00</Quantity>
      <bIsWeighted>0</bIsWeighted>
      <UnitOfMeasure>100 גרם</UnitOfMeasure>
      <QtyInPackage>1</QtyInPackage>
      <ItemPrice>36.90</ItemPrice>
      <UnitOfMeasurePrice>10.54</UnitOfMeasurePrice>
      <AllowDiscount>1</AllowDiscount>
      <ItemStatus>1</ItemStatus>
    </Item>
    <Item>
      <PriceUpdateDate>2025-08-24 15:55</PriceUpdateDate>
      <ItemCode>693493224390</ItemCode>
      <ItemType>1</ItemType>
      <ItemName>ביף גרקי קלאסי - בשר בקר מיובש</ItemName>
      <ManufacturerName>לא ידוע</ManufacturerName>
      <ManufactureCountry />
      <ManufacturerItemDescription>ביף גרקי קלאסי בשר  </ManufacturerItemDescription>
      <UnitQty>גרמים</UnitQty>
      <Quantity>60.00</Quantity>
      <bIsWeighted>0</bIsWeighted>
      <UnitOfMeasure>100 גרם</UnitOfMeasure>
      <QtyInPackage>1</QtyInPackage>
      <ItemPrice>39.90</ItemPrice>
      <UnitOfMeasurePrice>66.50</UnitOfMeasurePrice>
      <AllowDiscount>1</AllowDiscount>
      <ItemStatus>1</ItemStatus>
    </Item>
    <Item>
      <PriceUpdateDate>2023-12-25 20:46</PriceUpdateDate>
      <ItemCode>693493231749</ItemCode>
      <ItemType>1</ItemType>
      <ItemName>חסה לאליק הידרופונית דהן סולנום 190 גרם</ItemName>
      <ManufacturerName>לא ידוע</ManufacturerName>
      <ManufactureCountry>לא ידוע</ManufactureCountry>
      <ManufacturerItemDescription>חסה לאליק הידרופונית</ManufacturerItemDescription>
      <UnitQty>גרמים</UnitQty>
      <Quantity>190.00</Quantity>
      <bIsWeighted>0</bIsWeighted>
      <UnitOfMeasure>100 גרם</UnitOfMeasure>
      <QtyInPackage>1</QtyInPackage>
      <ItemPrice>14.90</ItemPrice>
      <UnitOfMeasurePrice>7.84</UnitOfMeasurePrice>
      <AllowDiscount>1</AllowDiscount>
      <ItemStatus>1</ItemStatus>
    </Item>
    <Item>
      <PriceUpdateDate>2025-04-15 15:08</PriceUpdateDate>
      <ItemCode>693493231770</ItemCode>
      <ItemType>1</ItemType>
      <ItemName>חסה גביטה</ItemName>
      <ManufacturerName>לא ידוע</ManufacturerName>
      <ManufactureCountry>לא ידוע</ManufactureCountry>
      <ManufacturerItemDescription>חסה גביטה           </ManufacturerItemDescription>
      <UnitQty>Unknown</UnitQty>
      <Quantity>0.00</Quantity>
      <bIsWeighted>0</bIsWeighted>
      <UnitOfMeasure>Unknown</UnitOfMeasure>
      <QtyInPackage>1</QtyInPackage>
      <ItemPrice>14.90</ItemPrice>
      <UnitOfMeasurePrice>14.90</UnitOfMeasurePrice>
      <AllowDiscount>1</AllowDiscount>
      <ItemStatus>1</ItemStatus>
    </Item>
    <Item>
      <PriceUpdateDate>2024-12-17 17:08</PriceUpdateDate>
      <ItemCode>693493231794</ItemCode>
      <ItemType>1</ItemType>
      <ItemName>חסה לאליק יחידה</ItemName>
      <ManufacturerName>לא ידוע</ManufacturerName>
      <ManufactureCountry>לא ידוע</ManufactureCountry>
      <ManufacturerItemDescription>חסה לאליק יחידה     </ManufacturerItemDescription>
      <UnitQty>יחידה</UnitQty>
      <Quantity>1.00</Quantity>
      <bIsWeighted>0</bIsWeighted>
      <UnitOfMeasure>יחידה</UnitOfMeasure>
      <QtyInPackage>1</QtyInPackage>
      <ItemPrice>14.90</ItemPrice>
      <UnitOfMeasurePrice>14.90</UnitOfMeasurePrice>
      <AllowDiscount>1</AllowDiscount>
      <ItemStatus>1</ItemStatus>
    </Item>
    <Item>
      <PriceUpdateDate>2024-05-15 13:09</PriceUpdateDate>
      <ItemCode>693493231800</ItemCode>
      <ItemType>1</ItemType>
      <ItemName>לבבות קיסר</ItemName>
      <ManufacturerName>לא ידוע</ManufacturerName>
      <ManufactureCountry>לא ידוע</ManufactureCountry>
      <ManufacturerItemDescription>לבבות קיסר          </ManufacturerItemDescription>
      <UnitQty>Unknown</UnitQty>
      <Quantity>0.00</Quantity>
      <bIsWeighted>0</bIsWeighted>
      <UnitOfMeasure>Unknown</UnitOfMeasure>
      <QtyInPackage>1</QtyInPackage>
      <ItemPrice>12.90</ItemPrice>
      <UnitOfMeasurePrice>12.90</UnitOfMeasurePrice>
      <AllowDiscount>1</AllowDiscount>
      <ItemStatus>1</ItemStatus>
    </Item>
    <Item>
      <PriceUpdateDate>2025-03-06 16:06</PriceUpdateDate>
      <ItemCode>693493231817</ItemCode>
      <ItemType>1</ItemType>
      <ItemName>באק צוי</ItemName>
      <ManufacturerName>לא ידוע</ManufacturerName>
      <ManufactureCountry>ישראל</ManufactureCountry>
      <ManufacturerItemDescription>באק צוי             </ManufacturerItemDescription>
      <UnitQty>מטרים</UnitQty>
      <Quantity>0.00</Quantity>
      <bIsWeighted>0</bIsWeighted>
      <UnitOfMeasure>מטר</UnitOfMeasure>
      <QtyInPackage>1</QtyInPackage>
      <ItemPrice>14.90</ItemPrice>
      <UnitOfMeasurePrice>14.90</UnitOfMeasurePrice>
      <AllowDiscount>1</AllowDiscount>
      <ItemStatus>1</ItemStatus>
    </Item>
    <Item>
      <PriceUpdateDate>2021-08-16 17:44</PriceUpdateDate>
      <ItemCode>6936745600462</ItemCode>
      <ItemType>1</ItemType>
      <ItemName>מירין דאניינג 500 מל</ItemName>
      <ManufacturerName>לא ידוע</ManufacturerName>
      <ManufactureCountry>לא ידוע</ManufactureCountry>
      <ManufacturerItemDescription>מירין דאניינג       </ManufacturerItemDescription>
      <UnitQty>מיליליטרים</UnitQty>
      <Quantity>500.00</Quantity>
      <bIsWeighted>0</bIsWeighted>
      <UnitOfMeasure>100 מ"ל</UnitOfMeasure>
      <QtyInPackage>1</QtyInPackage>
      <ItemPrice>23.90</ItemPrice>
      <UnitOfMeasurePrice>4.78</UnitOfMeasurePrice>
      <AllowDiscount>1</AllowDiscount>
      <ItemStatus>1</ItemStatus>
    </Item>
    <Item>
      <PriceUpdateDate>2025-03-11 08:24</PriceUpdateDate>
      <ItemCode>6941156100166</ItemCode>
      <ItemType>1</ItemType>
      <ItemName>מחית סויה אדומה אקא מיסו 500 גרם</ItemName>
      <ManufacturerName>לא ידוע</ManufacturerName>
      <ManufactureCountry>לא ידוע</ManufactureCountry>
      <ManufacturerItemDescription>מחית סויה אדומה אקא </ManufacturerItemDescription>
      <UnitQty>גרמים</UnitQty>
      <Quantity>500.00</Quantity>
      <bIsWeighted>0</bIsWeighted>
      <UnitOfMeasure>100 גרם</UnitOfMeasure>
      <QtyInPackage>1</QtyInPackage>
      <ItemPrice>25.90</ItemPrice>
      <UnitOfMeasurePrice>5.18</UnitOfMeasurePrice>
      <AllowDiscount>1</AllowDiscount>
      <ItemStatus>1</ItemStatus>
    </Item>
    <Item>
      <PriceUpdateDate>2024-12-16 15:39</PriceUpdateDate>
      <ItemCode>6955582500605</ItemCode>
      <ItemType>1</ItemType>
      <ItemName>גמד עם פאייטים 20 ס"מ</ItemName>
      <ManufacturerName>לא ידוע</ManufacturerName>
      <ManufactureCountry>לא ידוע</ManufactureCountry>
      <ManufacturerItemDescription>גמד עם פאייטים 20 ס"</ManufacturerItemDescription>
      <UnitQty>Unknown</UnitQty>
      <Quantity>0.00</Quantity>
      <bIsWeighted>0</bIsWeighted>
      <UnitOfMeasure>Unknown</UnitOfMeasure>
      <QtyInPackage>1</QtyInPackage>
      <ItemPrice>19.00</ItemPrice>
      <UnitOfMeasurePrice>19.00</UnitOfMeasurePrice>
      <AllowDiscount>1</AllowDiscount>
      <ItemStatus>1</ItemStatus>
    </Item>
    <Item>
      <PriceUpdateDate>2024-11-08 13:09</PriceUpdateDate>
      <ItemCode>6955582501343</ItemCode>
      <ItemType>1</ItemType>
      <ItemName>כובע חג מולד כחול/אדום עם כסף</ItemName>
      <ManufacturerName>לא ידוע</ManufacturerName>
      <ManufactureCountry>סין</ManufactureCountry>
      <ManufacturerItemDescription>כובע חג מולד כחול/אד</ManufacturerItemDescription>
      <UnitQty>יחידה</UnitQty>
      <Quantity>1.00</Quantity>
      <bIsWeighted>0</bIsWeighted>
      <UnitOfMeasure>יחידה</UnitOfMeasure>
      <QtyInPackage>1</QtyInPackage>
      <ItemPrice>9.90</ItemPrice>
      <UnitOfMeasurePrice>9.90</UnitOfMeasurePrice>
      <AllowDiscount>1</AllowDiscount>
      <ItemStatus>1</ItemStatus>
    </Item>
    <Item>
      <PriceUpdateDate>2024-11-25 17:40</PriceUpdateDate>
      <ItemCode>6955582502746</ItemCode>
      <ItemType>1</ItemType>
      <ItemName>כובע חג מולד מואר פתיתי שלג</ItemName>
      <ManufacturerName>לא ידוע</ManufacturerName>
      <ManufactureCountry>לא ידוע</ManufactureCountry>
      <ManufacturerItemDescription>כובע חג מולד מואר פת</ManufacturerItemDescription>
      <UnitQty>Unknown</UnitQty>
      <Quantity>0.00</Quantity>
      <bIsWeighted>0</bIsWeighted>
      <UnitOfMeasure>Unknown</UnitOfMeasure>
      <QtyInPackage>1</QtyInPackage>
      <ItemPrice>9.90</ItemPrice>
      <UnitOfMeasurePrice>9.90</UnitOfMeasurePrice>
      <AllowDiscount>1</AllowDiscount>
      <ItemStatus>1</ItemStatus>
    </Item>
    <Item>
      <PriceUpdateDate>2024-11-25 17:40</PriceUpdateDate>
      <ItemCode>6955582504467</ItemCode>
      <ItemType>1</ItemType>
      <ItemName>מנורות 100 לד מולטיקולור</ItemName>
      <ManufacturerName>לא ידוע</ManufacturerName>
      <ManufactureCountry>לא ידוע</ManufactureCountry>
      <ManufacturerItemDescription>מנורות 100 לד מולטיק</ManufacturerItemDescription>
      <UnitQty>Unknown</UnitQty>
      <Quantity>0.00</Quantity>
      <bIsWeighted>0</bIsWeighted>
      <UnitOfMeasure>Unknown</UnitOfMeasure>
      <QtyInPackage>1</QtyInPackage>
      <ItemPrice>69.00</ItemPrice>
      <UnitOfMeasurePrice>69.00</UnitOfMeasurePrice>
      <AllowDiscount>1</AllowDiscount>
      <ItemStatus>1</ItemStatus>
    </Item>
    <Item>
      <PriceUpdateDate>2024-11-25 17:40</PriceUpdateDate>
      <ItemCode>6955582504474</ItemCode>
      <ItemType>1</ItemType>
      <ItemName>מנורות 100 לד לבן חם</ItemName>
      <ManufacturerName>לא ידוע</ManufacturerName>
      <ManufactureCountry>לא ידוע</ManufactureCountry>
      <ManufacturerItemDescription>מנורות 100 לד לבן חם</ManufacturerItemDescription>
      <UnitQty>Unknown</UnitQty>
      <Quantity>0.00</Quantity>
      <bIsWeighted>0</bIsWeighted>
      <UnitOfMeasure>Unknown</UnitOfMeasure>
      <QtyInPackage>1</QtyInPackage>
      <ItemPrice>69.00</ItemPrice>
      <UnitOfMeasurePrice>69.00</UnitOfMeasurePrice>
      <AllowDiscount>1</AllowDiscount>
      <ItemStatus>1</ItemStatus>
    </Item>
    <Item>
      <PriceUpdateDate>2025-12-07 18:00</PriceUpdateDate>
      <ItemCode>6958499100579</ItemCode>
      <ItemType>1</ItemType>
      <ItemName>קישוט לראש כתר מואר</ItemName>
      <ManufacturerName>לא ידוע</ManufacturerName>
      <ManufactureCountry />
      <ManufacturerItemDescription>קישוט לראש כתר מואר </ManufacturerItemDescription>
      <UnitQty>Unknown</UnitQty>
      <Quantity>0.00</Quantity>
      <bIsWeighted>0</bIsWeighted>
      <UnitOfMeasure>Unknown</UnitOfMeasure>
      <QtyInPackage>1</QtyInPackage>
      <ItemPrice>11.90</ItemPrice>
      <UnitOfMeasurePrice>11.90</UnitOfMeasurePrice>
      <AllowDiscount>1</AllowDiscount>
      <ItemStatus>1</ItemStatus>
    </Item>
    <Item>
      <PriceUpdateDate>2025-11-07 16:17</PriceUpdateDate>
      <ItemCode>6958499100678</ItemCode>
      <ItemType>1</ItemType>
      <ItemName>חוט כסף נוצצים צבעוני</ItemName>
      <ManufacturerName>לא ידוע</ManufacturerName>
      <ManufactureCountry />
      <ManufacturerItemDescription>חוט כסף נוצצים צבעונ</ManufacturerItemDescription>
      <UnitQty>Unknown</UnitQty>
      <Quantity>0.00</Quantity>
      <bIsWeighted>0</bIsWeighted>
      <UnitOfMeasure>Unknown</UnitOfMeasure>
      <QtyInPackage>1</QtyInPackage>
      <ItemPrice>9.90</ItemPrice>
      <UnitOfMeasurePrice>9.90</UnitOfMeasurePrice>
      <AllowDiscount>1</AllowDiscount>
      <ItemStatus>1</ItemStatus>
    </Item>
    <Item>
      <PriceUpdateDate>2025-11-07 16:17</PriceUpdateDate>
      <ItemCode>6958499100722</ItemCode>
      <ItemType>1</ItemType>
      <ItemName>חוט כסף נוצצים צבעוני</ItemName>
      <ManufacturerName>לא ידוע</ManufacturerName>
      <ManufactureCountry />
      <ManufacturerItemDescription>חוט כסף נוצצים צבעונ</ManufacturerItemDescription>
      <UnitQty>Unknown</UnitQty>
      <Quantity>0.00</Quantity>
      <bIsWeighted>0</bIsWeighted>
      <UnitOfMeasure>Unknown</UnitOfMeasure>
      <QtyInPackage>1</QtyInPackage>
      <ItemPrice>7.90</ItemPrice>
      <UnitOfMeasurePrice>7.90</UnitOfMeasurePrice>
      <AllowDiscount>1</AllowDiscount>
      <ItemStatus>1</ItemStatus>
    </Item>
    <Item>
      <PriceUpdateDate>2025-11-07 16:19</PriceUpdateDate>
      <ItemCode>6958499100807</ItemCode>
      <ItemType>1</ItemType>
      <ItemName>פסלון איש שלג עם רגליים תלויות מיקס</ItemName>
      <ManufacturerName>לא ידוע</ManufacturerName>
      <ManufactureCountry />
      <ManufacturerItemDescription>פסלון איש שלג עם רגל</ManufacturerItemDescription>
      <UnitQty>Unknown</UnitQty>
      <Quantity>0.00</Quantity>
      <bIsWeighted>0</bIsWeighted>
      <UnitOfMeasure>Unknown</UnitOfMeasure>
      <QtyInPackage>1</QtyInPackage>
      <ItemPrice>19.90</ItemPrice>
      <UnitOfMeasurePrice>19.90</UnitOfMeasurePrice>
      <AllowDiscount>1</AllowDiscount>
      <ItemStatus>1</ItemStatus>
    </Item>
    <Item>
      <PriceUpdateDate>2025-12-07 18:00</PriceUpdateDate>
      <ItemCode>6958499100821</ItemCode>
      <ItemType>1</ItemType>
      <ItemName>שקית שי קטן חג המולד</ItemName>
      <ManufacturerName>לא ידוע</ManufacturerName>
      <ManufactureCountry />
      <ManufacturerItemDescription>שקית שי קטן חג המולד</ManufacturerItemDescription>
      <UnitQty>Unknown</UnitQty>
      <Quantity>0.00</Quantity>
      <bIsWeighted>0</bIsWeighted>
      <UnitOfMeasure>Unknown</UnitOfMeasure>
      <QtyInPackage>1</QtyInPackage>
      <ItemPrice>5.90</ItemPrice>
      <UnitOfMeasurePrice>5.90</UnitOfMeasurePrice>
      <AllowDiscount>1</AllowDiscount>
      <ItemStatus>1</ItemStatus>
    </Item>
    <Item>
      <PriceUpdateDate>2025-12-07 18:00</PriceUpdateDate>
      <ItemCode>6958499100838</ItemCode>
      <ItemType>1</ItemType>
      <ItemName>שקית שי בינוני חג המולד</ItemName>
      <ManufacturerName>לא ידוע</ManufacturerName>
      <ManufactureCountry />
      <ManufacturerItemDescription>שקית שי בינוני חג המ</ManufacturerItemDescription>
      <UnitQty>Unknown</UnitQty>
      <Quantity>0.00</Quantity>
      <bIsWeighted>0</bIsWeighted>
      <UnitOfMeasure>Unknown</UnitOfMeasure>
      <QtyInPackage>1</QtyInPackage>
      <ItemPrice>7.90</ItemPrice>
      <UnitOfMeasurePrice>7.90</UnitOfMeasurePrice>
      <AllowDiscount>1</AllowDiscount>
      <ItemStatus>1</ItemStatus>
    </Item>
    <Item>
      <PriceUpdateDate>2025-12-07 18:00</PriceUpdateDate>
      <ItemCode>6958499100845</ItemCode>
      <ItemType>1</ItemType>
      <ItemName>שקית שי בינוני חג המולד</ItemName>
      <ManufacturerName>לא ידוע</ManufacturerName>
      <ManufactureCountry />
      <ManufacturerItemDescription>שקית שי בינוני חג המ</ManufacturerItemDescription>
      <UnitQty>Unknown</UnitQty>
      <Quantity>0.00</Quantity>
      <bIsWeighted>0</bIsWeighted>
      <UnitOfMeasure>Unknown</UnitOfMeasure>
      <QtyInPackage>1</QtyInPackage>
      <ItemPrice>7.90</ItemPrice>
      <UnitOfMeasurePrice>7.90</UnitOfMeasurePrice>
      <AllowDiscount>1</AllowDiscount>
      <ItemStatus>1</ItemStatus>
    </Item>
    <Item>
      <PriceUpdateDate>2025-12-07 18:00</PriceUpdateDate>
      <ItemCode>6958499100890</ItemCode>
      <ItemType>1</ItemType>
      <ItemName>שקית שי קטן חג המולד</ItemName>
      <ManufacturerName>לא ידוע</ManufacturerName>
      <ManufactureCountry />
      <ManufacturerItemDescription>שקית שי קטן חג המולד</ManufacturerItemDescription>
      <UnitQty>Unknown</UnitQty>
      <Quantity>0.00</Quantity>
      <bIsWeighted>0</bIsWeighted>
      <UnitOfMeasure>Unknown</UnitOfMeasure>
      <QtyInPackage>1</QtyInPackage>
      <ItemPrice>3.90</ItemPrice>
      <UnitOfMeasurePrice>3.90</UnitOfMeasurePrice>
      <AllowDiscount>1</AllowDiscount>
      <ItemStatus>1</ItemStatus>
    </Item>
    <Item>
      <PriceUpdateDate>2025-11-07 16:19</PriceUpdateDate>
      <ItemCode>6958499100913</ItemCode>
      <ItemType>1</ItemType>
      <ItemName>נר בענפי עץ חג המולד בחבילה אדום</ItemName>
      <ManufacturerName>לא ידוע</ManufacturerName>
      <ManufactureCountry />
      <ManufacturerItemDescription>נר בענפי עץ חג המולד</ManufacturerItemDescription>
      <UnitQty>Unknown</UnitQty>
      <Quantity>0.00</Quantity>
      <bIsWeighted>0</bIsWeighted>
      <UnitOfMeasure>Unknown</UnitOfMeasure>
      <QtyInPackage>1</QtyInPackage>
      <ItemPrice>35.00</ItemPrice>
      <UnitOfMeasurePrice>35.00</UnitOfMeasurePrice>
      <AllowDiscount>1</AllowDiscount>
      <ItemStatus>1</ItemStatus>
    </Item>
    <Item>
      <PriceUpdateDate>2025-11-07 16:17</PriceUpdateDate>
      <ItemCode>6958499100999</ItemCode>
      <ItemType>1</ItemType>
      <ItemName>פעמון כריסמס זהב</ItemName>
      <ManufacturerName>לא ידוע</ManufacturerName>
      <ManufactureCountry />
      <ManufacturerItemDescription>פעמון כריסמס זהב    </ManufacturerItemDescription>
      <UnitQty>Unknown</UnitQty>
      <Quantity>0.00</Quantity>
      <bIsWeighted>0</bIsWeighted>
      <UnitOfMeasure>Unknown</UnitOfMeasure>
      <QtyInPackage>1</QtyInPackage>
      <ItemPrice>25.00</ItemPrice>
      <UnitOfMeasurePrice>25.00</UnitOfMeasurePrice>
      <AllowDiscount>1</AllowDiscount>
      <ItemStatus>1</ItemStatus>
    </Item>
    <Item>
      <PriceUpdateDate>2025-11-07 16:19</PriceUpdateDate>
      <ItemCode>6958499101019</ItemCode>
      <ItemType>1</ItemType>
      <ItemName>קישוט חג המולד איש שלג של סנטה בד</ItemName>
      <ManufacturerName>לא ידוע</ManufacturerName>
      <ManufactureCountry />
      <ManufacturerItemDescription>קישוט חג המולד איש ש</ManufacturerItemDescription>
      <UnitQty>Unknown</UnitQty>
      <Quantity>0.00</Quantity>
      <bIsWeighted>0</bIsWeighted>
      <UnitOfMeasure>Unknown</UnitOfMeasure>
      <QtyInPackage>1</QtyInPackage>
      <ItemPrice>19.90</ItemPrice>
      <UnitOfMeasurePrice>19.90</UnitOfMeasurePrice>
      <AllowDiscount>1</AllowDiscount>
      <ItemStatus>1</ItemStatus>
    </Item>
    <Item>
      <PriceUpdateDate>2025-11-07 16:19</PriceUpdateDate>
      <ItemCode>6958499101026</ItemCode>
      <ItemType>1</ItemType>
      <ItemName>קישוט חג המולד גמד סנטה בד מיקס</ItemName>
      <ManufacturerName>לא ידוע</ManufacturerName>
      <ManufactureCountry />
      <ManufacturerItemDescription>קישוט חג המולד גמד ס</ManufacturerItemDescription>
      <UnitQty>Unknown</UnitQty>
      <Quantity>0.00</Quantity>
      <bIsWeighted>0</bIsWeighted>
      <UnitOfMeasure>Unknown</UnitOfMeasure>
      <QtyInPackage>1</QtyInPackage>
      <ItemPrice>15.00</ItemPrice>
      <UnitOfMeasurePrice>15.00</UnitOfMeasurePrice>
      <AllowDiscount>1</AllowDiscount>
      <ItemStatus>1</ItemStatus>
    </Item>
    <Item>
      <PriceUpdateDate>2025-11-04 14:21</PriceUpdateDate>
      <ItemCode>6958499102009</ItemCode>
      <ItemType>1</ItemType>
      <ItemName>סט קישוטים לעץ דובים 3 יחידות</ItemName>
      <ManufacturerName>לא ידוע</ManufacturerName>
      <ManufactureCountry />
      <ManufacturerItemDescription>סט קישוטים לעץ דובים</ManufacturerItemDescription>
      <UnitQty>Unknown</UnitQty>
      <Quantity>0.00</Quantity>
      <bIsWeighted>0</bIsWeighted>
      <UnitOfMeasure>Unknown</UnitOfMeasure>
      <QtyInPackage>1</QtyInPackage>
      <ItemPrice>19.90</ItemPrice>
      <UnitOfMeasurePrice>19.90</UnitOfMeasurePrice>
      <AllowDiscount>1</AllowDiscount>
      <ItemStatus>1</ItemStatus>
    </Item>
    <Item>
      <PriceUpdateDate>2025-11-04 14:21</PriceUpdateDate>
      <ItemCode>6958499102023</ItemCode>
      <ItemType>1</ItemType>
      <ItemName>סט קישוטים לעץ כוכבים 3 יחידות</ItemName>
      <ManufacturerName>לא ידוע</ManufacturerName>
      <ManufactureCountry />
      <ManufacturerItemDescription>סט קישוטים לעץ כוכבי</ManufacturerItemDescription>
      <UnitQty>Unknown</UnitQty>
      <Quantity>0.00</Quantity>
      <bIsWeighted>0</bIsWeighted>
      <UnitOfMeasure>Unknown</UnitOfMeasure>
      <QtyInPackage>1</QtyInPackage>
      <ItemPrice>16.90</ItemPrice>
      <UnitOfMeasurePrice>16.90</UnitOfMeasurePrice>
      <AllowDiscount>1</AllowDiscount>
      <ItemStatus>1</ItemStatus>
    </Item>
    <Item>
      <PriceUpdateDate>2025-11-07 16:17</PriceUpdateDate>
      <ItemCode>6958499102047</ItemCode>
      <ItemType>1</ItemType>
      <ItemName>קישוט לראש אדום פתיתי שלג</ItemName>
      <ManufacturerName>לא ידוע</ManufacturerName>
      <ManufactureCountry />
      <ManufacturerItemDescription>קישוט לראש אדום פתית</ManufacturerItemDescription>
      <UnitQty>Unknown</UnitQty>
      <Quantity>0.00</Quantity>
      <bIsWeighted>0</bIsWeighted>
      <UnitOfMeasure>Unknown</UnitOfMeasure>
      <QtyInPackage>1</QtyInPackage>
      <ItemPrice>12.00</ItemPrice>
      <UnitOfMeasurePrice>12.00</UnitOfMeasurePrice>
      <AllowDiscount>1</AllowDiscount>
      <ItemStatus>1</ItemStatus>
    </Item>
    <Item>
      <PriceUpdateDate>2025-11-04 14:21</PriceUpdateDate>
      <ItemCode>6958499102054</ItemCode>
      <ItemType>1</ItemType>
      <ItemName>סט כדורי פלסטיק פנינה 6 יחידות</ItemName>
      <ManufacturerName>לא ידוע</ManufacturerName>
      <ManufactureCountry />
      <ManufacturerItemDescription>סט כדורי פלסטיק פנינ</ManufacturerItemDescription>
      <UnitQty>Unknown</UnitQty>
      <Quantity>0.00</Quantity>
      <bIsWeighted>0</bIsWeighted>
      <UnitOfMeasure>Unknown</UnitOfMeasure>
      <QtyInPackage>1</QtyInPackage>
      <ItemPrice>25.00</ItemPrice>
      <UnitOfMeasurePrice>25.00</UnitOfMeasurePrice>
      <AllowDiscount>1</AllowDiscount>
      <ItemStatus>1</ItemStatus>
    </Item>
    <Item>
      <PriceUpdateDate>2025-11-04 14:21</PriceUpdateDate>
      <ItemCode>6958499102061</ItemCode>
      <ItemType>1</ItemType>
      <ItemName>סט כדורי פלסטיק אדום וזהב 6 יחידות</ItemName>
      <ManufacturerName>לא ידוע</ManufacturerName>
      <ManufactureCountry />
      <ManufacturerItemDescription>סט כדורי פלסטיק אדום</ManufacturerItemDescription>
      <UnitQty>Unknown</UnitQty>
      <Quantity>0.00</Quantity>
      <bIsWeighted>0</bIsWeighted>
      <UnitOfMeasure>Unknown</UnitOfMeasure>
      <QtyInPackage>1</QtyInPackage>
      <ItemPrice>19.90</ItemPrice>
      <UnitOfMeasurePrice>19.90</UnitOfMeasurePrice>
      <AllowDiscount>1</AllowDiscount>
      <ItemStatus>1</ItemStatus>
    </Item>
    <Item>
      <PriceUpdateDate>2025-11-04 14:21</PriceUpdateDate>
      <ItemCode>6958499102092</ItemCode>
      <ItemType>1</ItemType>
      <ItemName>סט קישוטים לעץ בלוטים 3 יחידות</ItemName>
      <ManufacturerName>לא ידוע</ManufacturerName>
      <ManufactureCountry />
      <ManufacturerItemDescription>סט קישוטים לעץ בלוטי</ManufacturerItemDescription>
      <UnitQty>Unknown</UnitQty>
      <Quantity>0.00</Quantity>
      <bIsWeighted>0</bIsWeighted>
      <UnitOfMeasure>Unknown</UnitOfMeasure>
      <QtyInPackage>1</QtyInPackage>
      <ItemPrice>15.90</ItemPrice>
      <UnitOfMeasurePrice>15.90</UnitOfMeasurePrice>
      <AllowDiscount>1</AllowDiscount>
      <ItemStatus>1</ItemStatus>
    </Item>
    <Item>
      <PriceUpdateDate>2025-11-07 16:17</PriceUpdateDate>
      <ItemCode>6958499102306</ItemCode>
      <ItemType>1</ItemType>
      <ItemName>עץ בסל עם סוללות 45 ס"מ</ItemName>
      <ManufacturerName>לא ידוע</ManufacturerName>
      <ManufactureCountry />
      <ManufacturerItemDescription>עץ בסל עם סוללות 45 </ManufacturerItemDescription>
      <UnitQty>יחידה</UnitQty>
      <Quantity>1.00</Quantity>
      <bIsWeighted>0</bIsWeighted>
      <UnitOfMeasure>יחידה</UnitOfMeasure>
      <QtyInPackage>1</QtyInPackage>
      <ItemPrice>85.00</ItemPrice>
      <UnitOfMeasurePrice>85.00</UnitOfMeasurePrice>
      <AllowDiscount>1</AllowDiscount>
      <ItemStatus>1</ItemStatus>
    </Item>
    <Item>
      <PriceUpdateDate>2025-11-07 16:17</PriceUpdateDate>
      <ItemCode>6958499102351</ItemCode>
      <ItemType>1</ItemType>
      <ItemName>עץ אשוח ירוק  60 ס"מ</ItemName>
      <ManufacturerName>לא ידוע</ManufacturerName>
      <ManufactureCountry />
      <ManufacturerItemDescription>עץ אשוח ירוק  60 ס"מ</ManufacturerItemDescription>
      <UnitQty>יחידה</UnitQty>
      <Quantity>1.00</Quantity>
      <bIsWeighted>0</bIsWeighted>
      <UnitOfMeasure>יחידה</UnitOfMeasure>
      <QtyInPackage>1</QtyInPackage>
      <ItemPrice>39.00</ItemPrice>
      <UnitOfMeasurePrice>39.00</UnitOfMeasurePrice>
      <AllowDiscount>1</AllowDiscount>
      <ItemStatus>1</ItemStatus>
    </Item>
    <Item>
      <PriceUpdateDate>2025-12-07 18:00</PriceUpdateDate>
      <ItemCode>6958499103679</ItemCode>
      <ItemType>1</ItemType>
      <ItemName>כובע חג המולד עם פאייטים</ItemName>
      <ManufacturerName>לא ידוע</ManufacturerName>
      <ManufactureCountry />
      <ManufacturerItemDescription>כובע חג המולד עם פאי</ManufacturerItemDescription>
      <UnitQty>Unknown</UnitQty>
      <Quantity>0.00</Quantity>
      <bIsWeighted>0</bIsWeighted>
      <UnitOfMeasure>Unknown</UnitOfMeasure>
      <QtyInPackage>1</QtyInPackage>
      <ItemPrice>12.00</ItemPrice>
      <UnitOfMeasurePrice>12.00</UnitOfMeasurePrice>
      <AllowDiscount>1</AllowDiscount>
      <ItemStatus>1</ItemStatus>
    </Item>
    <Item>
      <PriceUpdateDate>2025-12-07 18:00</PriceUpdateDate>
      <ItemCode>6958499103730</ItemCode>
      <ItemType>1</ItemType>
      <ItemName>כובע חג המולד עם פאייטים</ItemName>
      <ManufacturerName>לא ידוע</ManufacturerName>
      <ManufactureCountry />
      <ManufacturerItemDescription>כובע חג המולד עם פאי</ManufacturerItemDescription>
      <UnitQty>Unknown</UnitQty>
      <Quantity>0.00</Quantity>
      <bIsWeighted>0</bIsWeighted>
      <UnitOfMeasure>Unknown</UnitOfMeasure>
      <QtyInPackage>1</QtyInPackage>
      <ItemPrice>12.50</ItemPrice>
      <UnitOfMeasurePrice>12.50</UnitOfMeasurePrice>
      <AllowDiscount>1</AllowDiscount>
      <ItemStatus>1</ItemStatus>
    </Item>
    <Item>
      <PriceUpdateDate>2025-12-07 18:00</PriceUpdateDate>
      <ItemCode>6958499103747</ItemCode>
      <ItemType>1</ItemType>
      <ItemName>כובע חג המולד עם פתיתי שלג כסופים</ItemName>
      <ManufacturerName>לא ידוע</ManufacturerName>
      <ManufactureCountry />
      <ManufacturerItemDescription>כובע חג המולד עם פתי</ManufacturerItemDescription>
      <UnitQty>Unknown</UnitQty>
      <Quantity>0.00</Quantity>
      <bIsWeighted>0</bIsWeighted>
      <UnitOfMeasure>Unknown</UnitOfMeasure>
      <QtyInPackage>1</QtyInPackage>
      <ItemPrice>10.00</ItemPrice>
      <UnitOfMeasurePrice>10.00</UnitOfMeasurePrice>
      <AllowDiscount>1</AllowDiscount>
      <ItemStatus>1</ItemStatus>
    </Item>
    <Item>
      <PriceUpdateDate>2025-12-07 18:00</PriceUpdateDate>
      <ItemCode>6958499103792</ItemCode>
      <ItemType>1</ItemType>
      <ItemName>מגבת קטנה צבעי חג</ItemName>
      <ManufacturerName>לא ידוע</ManufacturerName>
      <ManufactureCountry />
      <ManufacturerItemDescription>מגבת קטנה צבעי חג   </ManufacturerItemDescription>
      <UnitQty>Unknown</UnitQty>
      <Quantity>0.00</Quantity>
      <bIsWeighted>0</bIsWeighted>
      <UnitOfMeasure>Unknown</UnitOfMeasure>
      <QtyInPackage>1</QtyInPackage>
      <ItemPrice>15.90</ItemPrice>
      <UnitOfMeasurePrice>15.90</UnitOfMeasurePrice>
      <AllowDiscount>1</AllowDiscount>
      <ItemStatus>1</ItemStatus>
    </Item>
    <Item>
      <PriceUpdateDate>2025-12-07 18:00</PriceUpdateDate>
      <ItemCode>6958499104768</ItemCode>
      <ItemType>1</ItemType>
      <ItemName>תחתית לסיר חג מולד סוסים</ItemName>
      <ManufacturerName>לא ידוע</ManufacturerName>
      <ManufactureCountry />
      <ManufacturerItemDescription>תחתית לסיר חג מולד ס</ManufacturerItemDescription>
      <UnitQty>Unknown</UnitQty>
      <Quantity>0.00</Quantity>
      <bIsWeighted>0</bIsWeighted>
      <UnitOfMeasure>Unknown</UnitOfMeasure>
      <QtyInPackage>1</QtyInPackage>
      <ItemPrice>15.90</ItemPrice>
      <UnitOfMeasurePrice>15.90</UnitOfMeasurePrice>
      <AllowDiscount>1</AllowDiscount>
      <ItemStatus>1</ItemStatus>
    </Item>
    <Item>
      <PriceUpdateDate>2025-11-07 16:19</PriceUpdateDate>
      <ItemCode>6958499104775</ItemCode>
      <ItemType>1</ItemType>
      <ItemName>קישוט חג המולד תלוי פעמון טקסטיל</ItemName>
      <ManufacturerName>לא ידוע</ManufacturerName>
      <ManufactureCountry />
      <ManufacturerItemDescription>קישוט חג המולד תלוי </ManufacturerItemDescription>
      <UnitQty>Unknown</UnitQty>
      <Quantity>0.00</Quantity>
      <bIsWeighted>0</bIsWeighted>
      <UnitOfMeasure>Unknown</UnitOfMeasure>
      <QtyInPackage>1</QtyInPackage>
      <ItemPrice>15.90</ItemPrice>
      <UnitOfMeasurePrice>15.90</UnitOfMeasurePrice>
      <AllowDiscount>1</AllowDiscount>
      <ItemStatus>1</ItemStatus>
    </Item>
    <Item>
      <PriceUpdateDate>2025-03-25 06:57</PriceUpdateDate>
      <ItemCode>6974640730167</ItemCode>
      <ItemType>1</ItemType>
      <ItemName>פטריות שיטאקי 100 גרם</ItemName>
      <ManufacturerName>לא ידוע</ManufacturerName>
      <ManufactureCountry>לא ידוע</ManufactureCountry>
      <ManufacturerItemDescription>פטריות שיטאקי 100 גר</ManufacturerItemDescription>
      <UnitQty>גרמים</UnitQty>
      <Quantity>100.00</Quantity>
      <bIsWeighted>0</bIsWeighted>
      <UnitOfMeasure>100 גרם</UnitOfMeasure>
      <QtyInPackage>1</QtyInPackage>
      <ItemPrice>18.50</ItemPrice>
      <UnitOfMeasurePrice>18.50</UnitOfMeasurePrice>
      <AllowDiscount>1</AllowDiscount>
      <ItemStatus>1</ItemStatus>
    </Item>
    <Item>
      <PriceUpdateDate>2025-08-07 23:00</PriceUpdateDate>
      <ItemCode>6975439400902</ItemCode>
      <ItemType>1</ItemType>
      <ItemName>חול מרבל לבנדר 10 ליטר</ItemName>
      <ManufacturerName>לא ידוע</ManufacturerName>
      <ManufactureCountry />
      <ManufacturerItemDescription>חול מרבל לבנדר 10 לי</ManufacturerItemDescription>
      <UnitQty>ליטרים</UnitQty>
      <Quantity>0.01</Quantity>
      <bIsWeighted>0</bIsWeighted>
      <UnitOfMeasure>ליטר</UnitOfMeasure>
      <QtyInPackage>1</QtyInPackage>
      <ItemPrice>59.90</ItemPrice>
      <UnitOfMeasurePrice>5990.00</UnitOfMeasurePrice>
      <AllowDiscount>1</AllowDiscount>
      <ItemStatus>1</ItemStatus>
    </Item>
    <Item>
      <PriceUpdateDate>2025-01-30 07:57</PriceUpdateDate>
      <ItemCode>70177077563</ItemCode>
      <ItemType>1</ItemType>
      <ItemName>תה ארל גריי 25 שקיות טוינינגס 50 גר</ItemName>
      <ManufacturerName>לא ידוע</ManufacturerName>
      <ManufactureCountry>לא ידוע</ManufactureCountry>
      <ManufacturerItemDescription>תה ארל גריי 25 שקיות</ManufacturerItemDescription>
      <UnitQty>גרמים</UnitQty>
      <Quantity>50.00</Quantity>
      <bIsWeighted>0</bIsWeighted>
      <UnitOfMeasure>100 גרם</UnitOfMeasure>
      <QtyInPackage>1</QtyInPackage>
      <ItemPrice>22.90</ItemPrice>
      <UnitOfMeasurePrice>45.80</UnitOfMeasurePrice>
      <AllowDiscount>1</AllowDiscount>
      <ItemStatus>1</ItemStatus>
    </Item>
    <Item>
      <PriceUpdateDate>2025-01-30 07:57</PriceUpdateDate>
      <ItemCode>70177077693</ItemCode>
      <ItemType>1</ItemType>
      <ItemName>תה אנגליש ברקפסט 25 שקיות טוינינגס 50 גר</ItemName>
      <ManufacturerName>לא ידוע</ManufacturerName>
      <ManufactureCountry>לא ידוע</ManufactureCountry>
      <ManufacturerItemDescription>תה אנגליש ברקפסט 25 </ManufacturerItemDescription>
      <UnitQty>גרמים</UnitQty>
      <Quantity>50.00</Quantity>
      <bIsWeighted>0</bIsWeighted>
      <UnitOfMeasure>100 גרם</UnitOfMeasure>
      <QtyInPackage>1</QtyInPackage>
      <ItemPrice>22.90</ItemPrice>
      <UnitOfMeasurePrice>45.80</UnitOfMeasurePrice>
      <AllowDiscount>1</AllowDiscount>
      <ItemStatus>1</ItemStatus>
    </Item>
    <Item>
      <PriceUpdateDate>2025-03-25 06:54</PriceUpdateDate>
      <ItemCode>70177086664</ItemCode>
      <ItemType>1</ItemType>
      <ItemName>תה ירוק טהור 25 שק TWININGS</ItemName>
      <ManufacturerName>לא ידוע</ManufacturerName>
      <ManufactureCountry>לא ידוע</ManufactureCountry>
      <ManufacturerItemDescription>תה גרין פיור 50 גרם </ManufacturerItemDescription>
      <UnitQty>Unknown</UnitQty>
      <Quantity>0.00</Quantity>
      <bIsWeighted>0</bIsWeighted>
      <UnitOfMeasure>Unknown</UnitOfMeasure>
      <QtyInPackage>1</QtyInPackage>
      <ItemPrice>28.90</ItemPrice>
      <UnitOfMeasurePrice>28.90</UnitOfMeasurePrice>
      <AllowDiscount>1</AllowDiscount>
      <ItemStatus>1</ItemStatus>
    </Item>
    <Item>
      <PriceUpdateDate>2025-03-20 12:21</PriceUpdateDate>
      <ItemCode>70177173166</ItemCode>
      <ItemType>1</ItemType>
      <ItemName>תה יסמין ירוק 25 שקיקים TWININGS</ItemName>
      <ManufacturerName>לא ידוע</ManufacturerName>
      <ManufactureCountry>פולין</ManufactureCountry>
      <ManufacturerItemDescription>תה גרין יסמין 45 גרם</ManufacturerItemDescription>
      <UnitQty>Unknown</UnitQty>
      <Quantity>0.00</Quantity>
      <bIsWeighted>0</bIsWeighted>
      <UnitOfMeasure>Unknown</UnitOfMeasure>
      <QtyInPackage>1</QtyInPackage>
      <ItemPrice>28.90</ItemPrice>
      <UnitOfMeasurePrice>28.90</UnitOfMeasurePrice>
      <AllowDiscount>1</AllowDiscount>
      <ItemStatus>1</ItemStatus>
    </Item>
    <Item>
      <PriceUpdateDate>2025-03-11 08:24</PriceUpdateDate>
      <ItemCode>70177177737</ItemCode>
      <ItemType>1</ItemType>
      <ItemName>חליטה פיור קמומיל 20 גרם טווינינג</ItemName>
      <ManufacturerName>לא ידוע</ManufacturerName>
      <ManufactureCountry>פולין</ManufactureCountry>
      <ManufacturerItemDescription>חליטה פיור קמומיל 20</ManufacturerItemDescription>
      <UnitQty>Unknown</UnitQty>
      <Quantity>0.00</Quantity>
      <bIsWeighted>0</bIsWeighted>
      <UnitOfMeasure>Unknown</UnitOfMeasure>
      <QtyInPackage>1</QtyInPackage>
      <ItemPrice>25.90</ItemPrice>
      <UnitOfMeasurePrice>25.90</UnitOfMeasurePrice>
      <AllowDiscount>1</AllowDiscount>
      <ItemStatus>1</ItemStatus>
    </Item>
    <Item>
      <PriceUpdateDate>2021-01-20 21:12</PriceUpdateDate>
      <ItemCode>7090</ItemCode>
      <ItemType>1</ItemType>
      <ItemName>סלמי העמק שלם</ItemName>
      <ManufacturerName>לא ידוע</ManufacturerName>
      <ManufactureCountry>לא ידוע</ManufactureCountry>
      <ManufacturerItemDescription>סלמי העמק שלם       </ManufacturerItemDescription>
      <UnitQty>Unknown</UnitQty>
      <Quantity>0.00</Quantity>
      <bIsWeighted>1</bIsWeighted>
      <UnitOfMeasure>ק"ג</UnitOfMeasure>
      <QtyInPackage>0</QtyInPackage>
      <ItemPrice>50.00</ItemPrice>
      <UnitOfMeasurePrice>50.00</UnitOfMeasurePrice>
      <AllowDiscount>1</AllowDiscount>
      <ItemStatus>1</ItemStatus>
    </Item>
    <Item>
      <PriceUpdateDate>2025-03-20 12:15</PriceUpdateDate>
      <ItemCode>70970475344</ItemCode>
      <ItemType>1</ItemType>
      <ItemName>מייק&amp;אייק פירות יער 120 ג</ItemName>
      <ManufacturerName>לא ידוע</ManufacturerName>
      <ManufactureCountry>ארה"ב</ManufactureCountry>
      <ManufacturerItemDescription>מייק&amp;אייק פירות יער </ManufacturerItemDescription>
      <UnitQty>גרמים</UnitQty>
      <Quantity>120.00</Quantity>
      <bIsWeighted>0</bIsWeighted>
      <UnitOfMeasure>100 גרם</UnitOfMeasure>
      <QtyInPackage>1</QtyInPackage>
      <ItemPrice>14.50</ItemPrice>
      <UnitOfMeasurePrice>12.08</UnitOfMeasurePrice>
      <AllowDiscount>1</AllowDiscount>
      <ItemStatus>1</ItemStatus>
    </Item>
    <Item>
      <PriceUpdateDate>2025-08-22 12:44</PriceUpdateDate>
      <ItemCode>710497648196</ItemCode>
      <ItemType>1</ItemType>
      <ItemName>יין מדבר פינו גרי סדרה 22 2024 750 מ"ל</ItemName>
      <ManufacturerName>לא ידוע</ManufacturerName>
      <ManufactureCountry>IL</ManufactureCountry>
      <ManufacturerItemDescription>יין מדבר פינו גרי סד</ManufacturerItemDescription>
      <UnitQty>מיליליטרים</UnitQty>
      <Quantity>750.00</Quantity>
      <bIsWeighted>0</bIsWeighted>
      <UnitOfMeasure>100 מ"ל</UnitOfMeasure>
      <QtyInPackage>1</QtyInPackage>
      <ItemPrice>49.90</ItemPrice>
      <UnitOfMeasurePrice>6.65</UnitOfMeasurePrice>
      <AllowDiscount>1</AllowDiscount>
      <ItemStatus>1</ItemStatus>
    </Item>
    <Item>
      <PriceUpdateDate>2025-09-05 09:14</PriceUpdateDate>
      <ItemCode>72600062313</ItemCode>
      <ItemType>1</ItemType>
      <ItemName>חטיף תירס גבינה כחולה 170 גרם HERRS</ItemName>
      <ManufacturerName>לא ידוע</ManufacturerName>
      <ManufactureCountry>לא ידוע</ManufactureCountry>
      <ManufacturerItemDescription>חטיף תירס גבינה כחול</ManufacturerItemDescription>
      <UnitQty>גרמים</UnitQty>
      <Quantity>170.00</Quantity>
      <bIsWeighted>0</bIsWeighted>
      <UnitOfMeasure>100 גרם</UnitOfMeasure>
      <QtyInPackage>1</QtyInPackage>
      <ItemPrice>22.90</ItemPrice>
      <UnitOfMeasurePrice>13.47</UnitOfMeasurePrice>
      <AllowDiscount>1</AllowDiscount>
      <ItemStatus>1</ItemStatus>
    </Item>
    <Item>
      <PriceUpdateDate>2024-01-01 09:33</PriceUpdateDate>
      <ItemCode>7271730901261</ItemCode>
      <ItemType>1</ItemType>
      <ItemName>פסטה עם גבינה הכנה מהירה 156 גרם</ItemName>
      <ManufacturerName>לא ידוע</ManufacturerName>
      <ManufactureCountry>לא ידוע</ManufactureCountry>
      <ManufacturerItemDescription>פסטה עם גבינה הכנה מ</ManufacturerItemDescription>
      <UnitQty>גרמים</UnitQty>
      <Quantity>156.00</Quantity>
      <bIsWeighted>0</bIsWeighted>
      <UnitOfMeasure>100 גרם</UnitOfMeasure>
      <QtyInPackage>1</QtyInPackage>
      <ItemPrice>13.90</ItemPrice>
      <UnitOfMeasurePrice>8.91</UnitOfMeasurePrice>
      <AllowDiscount>1</AllowDiscount>
      <ItemStatus>1</ItemStatus>
    </Item>
    <Item>
      <PriceUpdateDate>2025-04-22 18:01</PriceUpdateDate>
      <ItemCode>7280546872177</ItemCode>
      <ItemType>1</ItemType>
      <ItemName>אולטרא פט מעדן ברווז לחתול 100 גרם</ItemName>
      <ManufacturerName>אולטרא פט</ManufacturerName>
      <ManufactureCountry>סין</ManufactureCountry>
      <ManufacturerItemDescription>אולטרא פט מעדן ברווז</ManufacturerItemDescription>
      <UnitQty>גרמים</UnitQty>
      <Quantity>100.00</Quantity>
      <bIsWeighted>0</bIsWeighted>
      <UnitOfMeasure>100 גרם</UnitOfMeasure>
      <QtyInPackage>1</QtyInPackage>
      <ItemPrice>5.90</ItemPrice>
      <UnitOfMeasurePrice>5.90</UnitOfMeasurePrice>
      <AllowDiscount>1</AllowDiscount>
      <ItemStatus>1</ItemStatus>
    </Item>
    <Item>
      <PriceUpdateDate>2025-02-12 10:09</PriceUpdateDate>
      <ItemCode>728229123590</ItemCode>
      <ItemType>1</ItemType>
      <ItemName>חטיף ציפס  טרה אורגינל 110 גרם</ItemName>
      <ManufacturerName>לא ידוע</ManufacturerName>
      <ManufactureCountry>לא ידוע</ManufactureCountry>
      <ManufacturerItemDescription>חטיף ציפס  טרה אורגי</ManufacturerItemDescription>
      <UnitQty>גרמים</UnitQty>
      <Quantity>110.00</Quantity>
      <bIsWeighted>0</bIsWeighted>
      <UnitOfMeasure>100 גרם</UnitOfMeasure>
      <QtyInPackage>1</QtyInPackage>
      <ItemPrice>25.90</ItemPrice>
      <UnitOfMeasurePrice>23.55</UnitOfMeasurePrice>
      <AllowDiscount>1</AllowDiscount>
      <ItemStatus>1</ItemStatus>
    </Item>
    <Item>
      <PriceUpdateDate>2025-02-16 16:31</PriceUpdateDate>
      <ItemCode>728229123811</ItemCode>
      <ItemType>1</ItemType>
      <ItemName>ציפס 110 גרם טרה בטטה</ItemName>
      <ManufacturerName>לא ידוע</ManufacturerName>
      <ManufactureCountry>לא ידוע</ManufactureCountry>
      <ManufacturerItemDescription>ציפס 110 גרם טרה בטט</ManufacturerItemDescription>
      <UnitQty>גרמים</UnitQty>
      <Quantity>110.00</Quantity>
      <bIsWeighted>0</bIsWeighted>
      <UnitOfMeasure>100 גרם</UnitOfMeasure>
      <QtyInPackage>1</QtyInPackage>
      <ItemPrice>25.90</ItemPrice>
      <UnitOfMeasurePrice>23.55</UnitOfMeasurePrice>
      <AllowDiscount>1</AllowDiscount>
      <ItemStatus>1</ItemStatus>
    </Item>
    <Item>
      <PriceUpdateDate>2021-01-20 21:12</PriceUpdateDate>
      <ItemCode>7290000000159</ItemCode>
      <ItemType>1</ItemType>
      <ItemName>פלפל צבעוני</ItemName>
      <ManufacturerName>לא ידוע</ManufacturerName>
      <ManufactureCountry>לא ידוע</ManufactureCountry>
      <ManufacturerItemDescription>פלפל צבעוני         </ManufacturerItemDescription>
      <UnitQty>יחידה</UnitQty>
      <Quantity>1.00</Quantity>
      <bIsWeighted>0</bIsWeighted>
      <UnitOfMeasure>יחידה</UnitOfMeasure>
      <QtyInPackage>1</QtyInPackage>
      <ItemPrice>9.90</ItemPrice>
      <UnitOfMeasurePrice>9.90</UnitOfMeasurePrice>
      <AllowDiscount>1</AllowDiscount>
      <ItemStatus>1</ItemStatus>
    </Item>
    <Item>
      <PriceUpdateDate>2025-11-08 12:00</PriceUpdateDate>
      <ItemCode>7290000000374</ItemCode>
      <ItemType>1</ItemType>
      <ItemName>פטריות</ItemName>
      <ManufacturerName>לא ידוע</ManufacturerName>
      <ManufactureCountry>לא ידוע</ManufactureCountry>
      <ManufacturerItemDescription>פטריות              </ManufacturerItemDescription>
      <UnitQty>יחידה</UnitQty>
      <Quantity>1.00</Quantity>
      <bIsWeighted>0</bIsWeighted>
      <UnitOfMeasure>יחידה</UnitOfMeasure>
      <QtyInPackage>1</QtyInPackage>
      <ItemPrice>11.90</ItemPrice>
      <UnitOfMeasurePrice>11.90</UnitOfMeasurePrice>
      <AllowDiscount>1</AllowDiscount>
      <ItemStatus>1</ItemStatus>
    </Item>
    <Item>
      <PriceUpdateDate>2025-08-25 15:20</PriceUpdateDate>
      <ItemCode>7290000000641</ItemCode>
      <ItemType>1</ItemType>
      <ItemName>אננס טרי</ItemName>
      <ManufacturerName>לא ידוע</ManufacturerName>
      <ManufactureCountry>לא ידוע</ManufactureCountry>
      <ManufacturerItemDescription>אננס טרי            </ManufacturerItemDescription>
      <UnitQty>יחידה</UnitQty>
      <Quantity>1.00</Quantity>
      <bIsWeighted>0</bIsWeighted>
      <UnitOfMeasure>יחידה</UnitOfMeasure>
      <QtyInPackage>1</QtyInPackage>
      <ItemPrice>24.90</ItemPrice>
      <UnitOfMeasurePrice>24.90</UnitOfMeasurePrice>
      <AllowDiscount>1</AllowDiscount>
      <ItemStatus>1</ItemStatus>
    </Item>
    <Item>
      <PriceUpdateDate>2025-12-28 12:37</PriceUpdateDate>
      <ItemCode>7290000000664</ItemCode>
      <ItemType>1</ItemType>
      <ItemName>תות שדה</ItemName>
      <ManufacturerName>לא ידוע</ManufacturerName>
      <ManufactureCountry>לא ידוע</ManufactureCountry>
      <ManufacturerItemDescription>תות שדה 250 גר      </ManufacturerItemDescription>
      <UnitQty>גרמים</UnitQty>
      <Quantity>250.00</Quantity>
      <bIsWeighted>0</bIsWeighted>
      <UnitOfMeasure>100 גרם</UnitOfMeasure>
      <QtyInPackage>0</QtyInPackage>
      <ItemPrice>24.90</ItemPrice>
      <UnitOfMeasurePrice>9.96</UnitOfMeasurePrice>
      <AllowDiscount>1</AllowDiscount>
      <ItemStatus>1</ItemStatus>
    </Item>
    <Item>
      <PriceUpdateDate>2021-01-20 21:12</PriceUpdateDate>
      <ItemCode>7290000000673</ItemCode>
      <ItemType>1</ItemType>
      <ItemName>ירק</ItemName>
      <ManufacturerName>לא ידוע</ManufacturerName>
      <ManufactureCountry>לא ידוע</ManufactureCountry>
      <ManufacturerItemDescription>ירק                 </ManufacturerItemDescription>
      <UnitQty>יחידה</UnitQty>
      <Quantity>1.00</Quantity>
      <bIsWeighted>0</bIsWeighted>
      <UnitOfMeasure>יחידה</UnitOfMeasure>
      <QtyInPackage>1</QtyInPackage>
      <ItemPrice>6.90</ItemPrice>
      <UnitOfMeasurePrice>6.90</UnitOfMeasurePrice>
      <AllowDiscount>1</AllowDiscount>
      <ItemStatus>1</ItemStatus>
    </Item>
    <Item>
      <PriceUpdateDate>2021-01-20 21:12</PriceUpdateDate>
      <ItemCode>7290000000695</ItemCode>
      <ItemType>1</ItemType>
      <ItemName>אספרגוס</ItemName>
      <ManufacturerName>לא ידוע</ManufacturerName>
      <ManufactureCountry>לא ידוע</ManufactureCountry>
      <ManufacturerItemDescription>אספרגוס             </ManufacturerItemDescription>
      <UnitQty>יחידה</UnitQty>
      <Quantity>1.00</Quantity>
      <bIsWeighted>0</bIsWeighted>
      <UnitOfMeasure>יחידה</UnitOfMeasure>
      <QtyInPackage>1</QtyInPackage>
      <ItemPrice>29.90</ItemPrice>
      <UnitOfMeasurePrice>29.90</UnitOfMeasurePrice>
      <AllowDiscount>1</AllowDiscount>
      <ItemStatus>1</ItemStatus>
    </Item>
    <Item>
      <PriceUpdateDate>2023-12-04 13:54</PriceUpdateDate>
      <ItemCode>7290000000751</ItemCode>
      <ItemType>1</ItemType>
      <ItemName>שום ברשת</ItemName>
      <ManufacturerName>לא ידוע</ManufacturerName>
      <ManufactureCountry>לא ידוע</ManufactureCountry>
      <ManufacturerItemDescription>שום ברשת            </ManufacturerItemDescription>
      <UnitQty>יחידה</UnitQty>
      <Quantity>1.00</Quantity>
      <bIsWeighted>0</bIsWeighted>
      <UnitOfMeasure>יחידה</UnitOfMeasure>
      <QtyInPackage>1</QtyInPackage>
      <ItemPrice>9.90</ItemPrice>
      <UnitOfMeasurePrice>9.90</UnitOfMeasurePrice>
      <AllowDiscount>1</AllowDiscount>
      <ItemStatus>1</ItemStatus>
    </Item>
    <Item>
      <PriceUpdateDate>2024-06-03 09:50</PriceUpdateDate>
      <ItemCode>7290000001104</ItemCode>
      <ItemType>1</ItemType>
      <ItemName>פטריות פרטובלה</ItemName>
      <ManufacturerName>לא ידוע</ManufacturerName>
      <ManufactureCountry>לא ידוע</ManufactureCountry>
      <ManufacturerItemDescription>פטריות פרטובלה      </ManufacturerItemDescription>
      <UnitQty>יחידה</UnitQty>
      <Quantity>1.00</Quantity>
      <bIsWeighted>0</bIsWeighted>
      <UnitOfMeasure>יחידה</UnitOfMeasure>
      <QtyInPackage>1</QtyInPackage>
      <ItemPrice>13.90</ItemPrice>
      <UnitOfMeasurePrice>13.90</UnitOfMeasurePrice>
      <AllowDiscount>1</AllowDiscount>
      <ItemStatus>1</ItemStatus>
    </Item>
    <Item>
      <PriceUpdateDate>2025-01-23 07:40</PriceUpdateDate>
      <ItemCode>7290000023083</ItemCode>
      <ItemType>1</ItemType>
      <ItemName>ערק אשקלון 40% 700 מ"ל</ItemName>
      <ManufacturerName>לא ידוע</ManufacturerName>
      <ManufactureCountry>לא ידוע</ManufactureCountry>
      <ManufacturerItemDescription>ערק אשקלון 40% 700 מ</ManufacturerItemDescription>
      <UnitQty>מיליליטרים</UnitQty>
      <Quantity>700.00</Quantity>
      <bIsWeighted>0</bIsWeighted>
      <UnitOfMeasure>100 מ"ל</UnitOfMeasure>
      <QtyInPackage>1</QtyInPackage>
      <ItemPrice>63.90</ItemPrice>
      <UnitOfMeasurePrice>9.13</UnitOfMeasurePrice>
      <AllowDiscount>1</AllowDiscount>
      <ItemStatus>1</ItemStatus>
    </Item>
    <Item>
      <PriceUpdateDate>2025-03-11 08:24</PriceUpdateDate>
      <ItemCode>7290000036144</ItemCode>
      <ItemType>1</ItemType>
      <ItemName>קורנפלור גלעם 200 גרם</ItemName>
      <ManufacturerName>לא ידוע</ManufacturerName>
      <ManufactureCountry>לא ידוע</ManufactureCountry>
      <ManufacturerItemDescription>קורנפלור גלעם 200 גר</ManufacturerItemDescription>
      <UnitQty>גרמים</UnitQty>
      <Quantity>200.00</Quantity>
      <bIsWeighted>0</bIsWeighted>
      <UnitOfMeasure>100 גרם</UnitOfMeasure>
      <QtyInPackage>1</QtyInPackage>
      <ItemPrice>6.00</ItemPrice>
      <UnitOfMeasurePrice>3.00</UnitOfMeasurePrice>
      <AllowDiscount>1</AllowDiscount>
      <ItemStatus>1</ItemStatus>
    </Item>
    <Item>
      <PriceUpdateDate>2025-03-11 08:23</PriceUpdateDate>
      <ItemCode>7290000036151</ItemCode>
      <ItemType>1</ItemType>
      <ItemName>קורנפלור 500 גרם</ItemName>
      <ManufacturerName>לא ידוע</ManufacturerName>
      <ManufactureCountry>לא ידוע</ManufactureCountry>
      <ManufacturerItemDescription>קורנפלור 500 גרם    </ManufacturerItemDescription>
      <UnitQty>גרמים</UnitQty>
      <Quantity>500.00</Quantity>
      <bIsWeighted>0</bIsWeighted>
      <UnitOfMeasure>100 גרם</UnitOfMeasure>
      <QtyInPackage>1</QtyInPackage>
      <ItemPrice>11.50</ItemPrice>
      <UnitOfMeasurePrice>2.30</UnitOfMeasurePrice>
      <AllowDiscount>1</AllowDiscount>
      <ItemStatus>1</ItemStatus>
    </Item>
    <Item>
      <PriceUpdateDate>2025-05-23 08:10</PriceUpdateDate>
      <ItemCode>7290000040042</ItemCode>
      <ItemType>1</ItemType>
      <ItemName>יופלה תות 3% 150 גר</ItemName>
      <ManufacturerName>לא ידוע</ManufacturerName>
      <ManufactureCountry>לא ידוע</ManufactureCountry>
      <ManufacturerItemDescription>יופלה  תות 3% 150 גר</ManufacturerItemDescription>
      <UnitQty>גרמים</UnitQty>
      <Quantity>150.00</Quantity>
      <bIsWeighted>0</bIsWeighted>
      <UnitOfMeasure>100 גרם</UnitOfMeasure>
      <QtyInPackage>1</QtyInPackage>
      <ItemPrice>6.20</ItemPrice>
      <UnitOfMeasurePrice>4.13</UnitOfMeasurePrice>
      <AllowDiscount>1</AllowDiscount>
      <ItemStatus>1</ItemStatus>
    </Item>
    <Item>
      <PriceUpdateDate>2025-05-23 08:10</PriceUpdateDate>
      <ItemCode>7290000040066</ItemCode>
      <ItemType>1</ItemType>
      <ItemName>יופלה דובדבן 3%  150 גר</ItemName>
      <ManufacturerName>לא ידוע</ManufacturerName>
      <ManufactureCountry>לא ידוע</ManufactureCountry>
      <ManufacturerItemDescription>יופלה דובדבן 3%  150</ManufacturerItemDescription>
      <UnitQty>גרמים</UnitQty>
      <Quantity>150.00</Quantity>
      <bIsWeighted>0</bIsWeighted>
      <UnitOfMeasure>100 גרם</UnitOfMeasure>
      <QtyInPackage>1</QtyInPackage>
      <ItemPrice>6.20</ItemPrice>
      <UnitOfMeasurePrice>4.13</UnitOfMeasurePrice>
      <AllowDiscount>1</AllowDiscount>
      <ItemStatus>1</ItemStatus>
    </Item>
    <Item>
      <PriceUpdateDate>2025-05-23 08:10</PriceUpdateDate>
      <ItemCode>7290000040080</ItemCode>
      <ItemType>1</ItemType>
      <ItemName>יופלה אפרסק 3% 150 גר</ItemName>
      <ManufacturerName>לא ידוע</ManufacturerName>
      <ManufactureCountry>לא ידוע</ManufactureCountry>
      <ManufacturerItemDescription>יופלה אפרסק 3% 150 ג</ManufacturerItemDescription>
      <UnitQty>גרמים</UnitQty>
      <Quantity>150.00</Quantity>
      <bIsWeighted>0</bIsWeighted>
      <UnitOfMeasure>100 גרם</UnitOfMeasure>
      <QtyInPackage>1</QtyInPackage>
      <ItemPrice>6.20</ItemPrice>
      <UnitOfMeasurePrice>4.13</UnitOfMeasurePrice>
      <AllowDiscount>1</AllowDiscount>
      <ItemStatus>1</ItemStatus>
    </Item>
    <Item>
      <PriceUpdateDate>2025-05-23 08:10</PriceUpdateDate>
      <ItemCode>7290000040318</ItemCode>
      <ItemType>1</ItemType>
      <ItemName>קולאז ברי בחפיסה 125 גרם</ItemName>
      <ManufacturerName>לא ידוע</ManufacturerName>
      <ManufactureCountry>לא ידוע</ManufactureCountry>
      <ManufacturerItemDescription>קולאז ברי בחפיסה 125</ManufacturerItemDescription>
      <UnitQty>גרמים</UnitQty>
      <Quantity>125.00</Quantity>
      <bIsWeighted>0</bIsWeighted>
      <UnitOfMeasure>100 גרם</UnitOfMeasure>
      <QtyInPackage>1</QtyInPackage>
      <ItemPrice>27.80</ItemPrice>
      <UnitOfMeasurePrice>22.24</UnitOfMeasurePrice>
      <AllowDiscount>1</AllowDiscount>
      <ItemStatus>1</ItemStatus>
    </Item>
    <Item>
      <PriceUpdateDate>2025-05-23 08:04</PriceUpdateDate>
      <ItemCode>7290000040462</ItemCode>
      <ItemType>1</ItemType>
      <ItemName>טוסטי עמק אמריקאי אדם 200 גרם</ItemName>
      <ManufacturerName>לא ידוע</ManufacturerName>
      <ManufactureCountry>לא ידוע</ManufactureCountry>
      <ManufacturerItemDescription>טוסטי עמק אמריקאי אד</ManufacturerItemDescription>
      <UnitQty>גרמים</UnitQty>
      <Quantity>200.00</Quantity>
      <bIsWeighted>0</bIsWeighted>
      <UnitOfMeasure>100 גרם</UnitOfMeasure>
      <QtyInPackage>1</QtyInPackage>
      <ItemPrice>27.90</ItemPrice>
      <UnitOfMeasurePrice>13.95</UnitOfMeasurePrice>
      <AllowDiscount>1</AllowDiscount>
      <ItemStatus>1</ItemStatus>
    </Item>
    <Item>
      <PriceUpdateDate>2025-09-16 12:36</PriceUpdateDate>
      <ItemCode>7290000040974</ItemCode>
      <ItemType>1</ItemType>
      <ItemName>חלב טרי דל לקטוז 1 ל</ItemName>
      <ManufacturerName>לא ידוע</ManufacturerName>
      <ManufactureCountry>לא ידוע</ManufactureCountry>
      <ManufacturerItemDescription>חלב טרי דל לקטוז 1 ל</ManufacturerItemDescription>
      <UnitQty>מיליליטרים</UnitQty>
      <Quantity>1000.00</Quantity>
      <bIsWeighted>0</bIsWeighted>
      <UnitOfMeasure>100 מ"ל</UnitOfMeasure>
      <QtyInPackage>1</QtyInPackage>
      <ItemPrice>9.30</ItemPrice>
      <UnitOfMeasurePrice>0.93</UnitOfMeasurePrice>
      <AllowDiscount>1</AllowDiscount>
      <ItemStatus>1</ItemStatus>
    </Item>
    <Item>
      <PriceUpdateDate>2025-09-16 12:36</PriceUpdateDate>
      <ItemCode>7290000041858</ItemCode>
      <ItemType>1</ItemType>
      <ItemName>שמנת חמוצה 15% 200 מ"ל</ItemName>
      <ManufacturerName>לא ידוע</ManufacturerName>
      <ManufactureCountry>לא ידוע</ManufactureCountry>
      <ManufacturerItemDescription>שמנת חמוצה 15% 200 מ</ManufacturerItemDescription>
      <UnitQty>מיליליטרים</UnitQty>
      <Quantity>200.00</Quantity>
      <bIsWeighted>0</bIsWeighted>
      <UnitOfMeasure>100 מ"ל</UnitOfMeasure>
      <QtyInPackage>1</QtyInPackage>
      <ItemPrice>4.00</ItemPrice>
      <UnitOfMeasurePrice>2.00</UnitOfMeasurePrice>
      <AllowDiscount>1</AllowDiscount>
      <ItemStatus>1</ItemStatus>
    </Item>
    <Item>
      <PriceUpdateDate>2025-05-04 09:05</PriceUpdateDate>
      <ItemCode>7290000042435</ItemCode>
      <ItemType>1</ItemType>
      <ItemName>חלב דל שומן בקרטון+פקק 1 ליטר 1%</ItemName>
      <ManufacturerName>לא ידוע</ManufacturerName>
      <ManufactureCountry>לא ידוע</ManufactureCountry>
      <ManufacturerItemDescription>חלב דל שומן בקרטון  </ManufacturerItemDescription>
      <UnitQty>מיליליטרים</UnitQty>
      <Quantity>1000.00</Quantity>
      <bIsWeighted>0</bIsWeighted>
      <UnitOfMeasure>100 מ"ל</UnitOfMeasure>
      <QtyInPackage>1</QtyInPackage>
      <ItemPrice>6.85</ItemPrice>
      <UnitOfMeasurePrice>0.69</UnitOfMeasurePrice>
      <AllowDiscount>1</AllowDiscount>
      <ItemStatus>1</ItemStatus>
    </Item>
    <Item>
      <PriceUpdateDate>2024-11-21 16:53</PriceUpdateDate>
      <ItemCode>7290000042855</ItemCode>
      <ItemType>1</ItemType>
      <ItemName>שוקו שקית 225 מ"ל</ItemName>
      <ManufacturerName>לא ידוע</ManufacturerName>
      <ManufactureCountry>לא ידוע</ManufactureCountry>
      <ManufacturerItemDescription>שוקו שקית 225 מ"ל   </ManufacturerItemDescription>
      <UnitQty>מיליליטרים</UnitQty>
      <Quantity>225.00</Quantity>
      <bIsWeighted>0</bIsWeighted>
      <UnitOfMeasure>100 מ"ל</UnitOfMeasure>
      <QtyInPackage>1</QtyInPackage>
      <ItemPrice>4.10</ItemPrice>
      <UnitOfMeasurePrice>1.82</UnitOfMeasurePrice>
      <AllowDiscount>1</AllowDiscount>
      <ItemStatus>1</ItemStatus>
    </Item>
    <Item>
      <PriceUpdateDate>2025-05-23 08:10</PriceUpdateDate>
      <ItemCode>7290000043890</ItemCode>
      <ItemType>1</ItemType>
      <ItemName>רויון 1.5% 1 ליטר</ItemName>
      <ManufacturerName>לא ידוע</ManufacturerName>
      <ManufactureCountry>לא ידוע</ManufactureCountry>
      <ManufacturerItemDescription>רויון 1.5% 1 ליטר   </ManufacturerItemDescription>
      <UnitQty>מיליליטרים</UnitQty>
      <Quantity>1000.00</Quantity>
      <bIsWeighted>0</bIsWeighted>
      <UnitOfMeasure>100 מ"ל</UnitOfMeasure>
      <QtyInPackage>1</QtyInPackage>
      <ItemPrice>14.70</ItemPrice>
      <UnitOfMeasurePrice>1.47</UnitOfMeasurePrice>
      <AllowDiscount>1</AllowDiscount>
      <ItemStatus>1</ItemStatus>
    </Item>
    <Item>
      <PriceUpdateDate>2025-05-21 08:26</PriceUpdateDate>
      <ItemCode>7290000043944</ItemCode>
      <ItemType>1</ItemType>
      <ItemName>יוגורט 4% 1.5 ליטר</ItemName>
      <ManufacturerName>לא ידוע</ManufacturerName>
      <ManufactureCountry>לא ידוע</ManufactureCountry>
      <ManufacturerItemDescription>יוגורט 4% 1.5 ליטר  </ManufacturerItemDescription>
      <UnitQty>ליטרים</UnitQty>
      <Quantity>0.00</Quantity>
      <bIsWeighted>0</bIsWeighted>
      <UnitOfMeasure>ליטר</UnitOfMeasure>
      <QtyInPackage>1</QtyInPackage>
      <ItemPrice>21.40</ItemPrice>
      <UnitOfMeasurePrice>21.40</UnitOfMeasurePrice>
      <AllowDiscount>1</AllowDiscount>
      <ItemStatus>1</ItemStatus>
    </Item>
    <Item>
      <PriceUpdateDate>2025-05-23 08:10</PriceUpdateDate>
      <ItemCode>7290000044248</ItemCode>
      <ItemType>1</ItemType>
      <ItemName>שלי רוויון 500 מ"ל</ItemName>
      <ManufacturerName>לא ידוע</ManufacturerName>
      <ManufactureCountry>לא ידוע</ManufactureCountry>
      <ManufacturerItemDescription>שלי רוויון 500 מ"ל  </ManufacturerItemDescription>
      <UnitQty>גרמים</UnitQty>
      <Quantity>500.00</Quantity>
      <bIsWeighted>0</bIsWeighted>
      <UnitOfMeasure>100 גרם</UnitOfMeasure>
      <QtyInPackage>1</QtyInPackage>
      <ItemPrice>9.30</ItemPrice>
      <UnitOfMeasurePrice>1.86</UnitOfMeasurePrice>
      <AllowDiscount>1</AllowDiscount>
      <ItemStatus>1</ItemStatus>
    </Item>
    <Item>
      <PriceUpdateDate>2025-05-23 08:10</PriceUpdateDate>
      <ItemCode>7290000045917</ItemCode>
      <ItemType>1</ItemType>
      <ItemName>קולאז עיזים פרומעז גליל 200 גרם פיראוס</ItemName>
      <ManufacturerName>לא ידוע</ManufacturerName>
      <ManufactureCountry>לא ידוע</ManufactureCountry>
      <ManufacturerItemDescription>קולאז עיזים פרומעז ג</ManufacturerItemDescription>
      <UnitQty>גרמים</UnitQty>
      <Quantity>200.00</Quantity>
      <bIsWeighted>0</bIsWeighted>
      <UnitOfMeasure>100 גרם</UnitOfMeasure>
      <QtyInPackage>1</QtyInPackage>
      <ItemPrice>32.80</ItemPrice>
      <UnitOfMeasurePrice>16.40</UnitOfMeasurePrice>
      <AllowDiscount>1</AllowDiscount>
      <ItemStatus>1</ItemStatus>
    </Item>
    <Item>
      <PriceUpdateDate>2025-05-23 08:10</PriceUpdateDate>
      <ItemCode>7290000046327</ItemCode>
      <ItemType>1</ItemType>
      <ItemName>גבינת גלבוע פרוס 200 גרם</ItemName>
      <ManufacturerName>לא ידוע</ManufacturerName>
      <ManufactureCountry>לא ידוע</ManufactureCountry>
      <ManufacturerItemDescription>גבינת גלבוע פרוס 200</ManufacturerItemDescription>
      <UnitQty>גרמים</UnitQty>
      <Quantity>200.00</Quantity>
      <bIsWeighted>0</bIsWeighted>
      <UnitOfMeasure>100 גרם</UnitOfMeasure>
      <QtyInPackage>1</QtyInPackage>
      <ItemPrice>16.80</ItemPrice>
      <UnitOfMeasurePrice>8.40</UnitOfMeasurePrice>
      <AllowDiscount>1</AllowDiscount>
      <ItemStatus>1</ItemStatus>
    </Item>
    <Item>
      <PriceUpdateDate>2025-05-23 08:10</PriceUpdateDate>
      <ItemCode>7290000047546</ItemCode>
      <ItemType>1</ItemType>
      <ItemName>גבינת כנען 5% 500 גרם</ItemName>
      <ManufacturerName>לא ידוע</ManufacturerName>
      <ManufactureCountry>לא ידוע</ManufactureCountry>
      <ManufacturerItemDescription>גבינת כנען 5% 500 גר</ManufacturerItemDescription>
      <UnitQty>גרמים</UnitQty>
      <Quantity>500.00</Quantity>
      <bIsWeighted>0</bIsWeighted>
      <UnitOfMeasure>100 גרם</UnitOfMeasure>
      <QtyInPackage>1</QtyInPackage>
      <ItemPrice>29.50</ItemPrice>
      <UnitOfMeasurePrice>5.90</UnitOfMeasurePrice>
      <AllowDiscount>1</AllowDiscount>
      <ItemStatus>1</ItemStatus>
    </Item>
    <Item>
      <PriceUpdateDate>2025-05-04 09:05</PriceUpdateDate>
      <ItemCode>7290000047621</ItemCode>
      <ItemType>1</ItemType>
      <ItemName>גבינה למריחה 5% מהדרין 250 גרם</ItemName>
      <ManufacturerName>לא ידוע</ManufacturerName>
      <ManufactureCountry>לא ידוע</ManufactureCountry>
      <ManufacturerItemDescription>גבינה למריחה 5% מהדר</ManufacturerItemDescription>
      <UnitQty>גרמים</UnitQty>
      <Quantity>250.00</Quantity>
      <bIsWeighted>0</bIsWeighted>
      <UnitOfMeasure>100 גרם</UnitOfMeasure>
      <QtyInPackage>1</QtyInPackage>
      <ItemPrice>5.81</ItemPrice>
      <UnitOfMeasurePrice>2.32</UnitOfMeasurePrice>
      <AllowDiscount>1</AllowDiscount>
      <ItemStatus>1</ItemStatus>
    </Item>
    <Item>
      <PriceUpdateDate>2025-05-06 06:39</PriceUpdateDate>
      <ItemCode>7290000048185</ItemCode>
      <ItemType>1</ItemType>
      <ItemName>גבינה לבנה 5% 250 גר</ItemName>
      <ManufacturerName>לא ידוע</ManufacturerName>
      <ManufactureCountry>לא ידוע</ManufactureCountry>
      <ManufacturerItemDescription>גבינה לבנה 5% 250 גר</ManufacturerItemDescription>
      <UnitQty>גרמים</UnitQty>
      <Quantity>250.00</Quantity>
      <bIsWeighted>0</bIsWeighted>
      <UnitOfMeasure>100 גרם</UnitOfMeasure>
      <QtyInPackage>1</QtyInPackage>
      <ItemPrice>5.81</ItemPrice>
      <UnitOfMeasurePrice>2.32</UnitOfMeasurePrice>
      <AllowDiscount>1</AllowDiscount>
      <ItemStatus>1</ItemStatus>
    </Item>
    <Item>
      <PriceUpdateDate>2025-05-23 08:10</PriceUpdateDate>
      <ItemCode>7290000048192</ItemCode>
      <ItemType>1</ItemType>
      <ItemName>גבינה למריחה 9% 250 גרם</ItemName>
      <ManufacturerName>לא ידוע</ManufacturerName>
      <ManufactureCountry>לא ידוע</ManufactureCountry>
      <ManufacturerItemDescription>גבינה למריחה 9% 250 </ManufacturerItemDescription>
      <UnitQty>גרמים</UnitQty>
      <Quantity>250.00</Quantity>
      <bIsWeighted>0</bIsWeighted>
      <UnitOfMeasure>100 גרם</UnitOfMeasure>
      <QtyInPackage>1</QtyInPackage>
      <ItemPrice>7.50</ItemPrice>
      <UnitOfMeasurePrice>3.00</UnitOfMeasurePrice>
      <AllowDiscount>1</AllowDiscount>
      <ItemStatus>1</ItemStatus>
    </Item>
    <Item>
      <PriceUpdateDate>2025-05-21 08:43</PriceUpdateDate>
      <ItemCode>7290000048307</ItemCode>
      <ItemType>1</ItemType>
      <ItemName>גבינת קוטג 5% עם זיתים 250ירוקים  גרם</ItemName>
      <ManufacturerName>לא ידוע</ManufacturerName>
      <ManufactureCountry>לא ידוע</ManufactureCountry>
      <ManufacturerItemDescription>גבינת קוטג 5%       </ManufacturerItemDescription>
      <UnitQty>גרמים</UnitQty>
      <Quantity>250.00</Quantity>
      <bIsWeighted>0</bIsWeighted>
      <UnitOfMeasure>100 גרם</UnitOfMeasure>
      <QtyInPackage>1</QtyInPackage>
      <ItemPrice>8.30</ItemPrice>
      <UnitOfMeasurePrice>3.32</UnitOfMeasurePrice>
      <AllowDiscount>1</AllowDiscount>
      <ItemStatus>1</ItemStatus>
    </Item>
    <Item>
      <PriceUpdateDate>2025-05-23 08:10</PriceUpdateDate>
      <ItemCode>7290000048437</ItemCode>
      <ItemType>1</ItemType>
      <ItemName>צפתית פיראוס 5% 200 גרם</ItemName>
      <ManufacturerName>לא ידוע</ManufacturerName>
      <ManufactureCountry>לא ידוע</ManufactureCountry>
      <ManufacturerItemDescription>צפתית פיראוס 5% 200 </ManufacturerItemDescription>
      <UnitQty>גרמים</UnitQty>
      <Quantity>200.00</Quantity>
      <bIsWeighted>0</bIsWeighted>
      <UnitOfMeasure>100 גרם</UnitOfMeasure>
      <QtyInPackage>1</QtyInPackage>
      <ItemPrice>18.90</ItemPrice>
      <UnitOfMeasurePrice>9.45</UnitOfMeasurePrice>
      <AllowDiscount>1</AllowDiscount>
      <ItemStatus>1</ItemStatus>
    </Item>
    <Item>
      <PriceUpdateDate>2025-05-23 08:10</PriceUpdateDate>
      <ItemCode>7290000050454</ItemCode>
      <ItemType>1</ItemType>
      <ItemName>יופלה אפרסק 3% 500 גר</ItemName>
      <ManufacturerName>לא ידוע</ManufacturerName>
      <ManufactureCountry>לא ידוע</ManufactureCountry>
      <ManufacturerItemDescription>יופלה אפרסק 3% 500 ג</ManufacturerItemDescription>
      <UnitQty>גרמים</UnitQty>
      <Quantity>500.00</Quantity>
      <bIsWeighted>0</bIsWeighted>
      <UnitOfMeasure>100 גרם</UnitOfMeasure>
      <QtyInPackage>1</QtyInPackage>
      <ItemPrice>18.80</ItemPrice>
      <UnitOfMeasurePrice>3.76</UnitOfMeasurePrice>
      <AllowDiscount>1</AllowDiscount>
      <ItemStatus>1</ItemStatus>
    </Item>
    <Item>
      <PriceUpdateDate>2025-05-23 08:10</PriceUpdateDate>
      <ItemCode>7290000051352</ItemCode>
      <ItemType>1</ItemType>
      <ItemName>חלב של פעם 3.5% 1 ל</ItemName>
      <ManufacturerName>לא ידוע</ManufacturerName>
      <ManufactureCountry>לא ידוע</ManufactureCountry>
      <ManufacturerItemDescription>חלב של פעם 3.5% 1 ל </ManufacturerItemDescription>
      <UnitQty>מיליליטרים</UnitQty>
      <Quantity>1000.00</Quantity>
      <bIsWeighted>0</bIsWeighted>
      <UnitOfMeasure>100 מ"ל</UnitOfMeasure>
      <QtyInPackage>1</QtyInPackage>
      <ItemPrice>9.70</ItemPrice>
      <UnitOfMeasurePrice>0.97</UnitOfMeasurePrice>
      <AllowDiscount>1</AllowDiscount>
      <ItemStatus>1</ItemStatus>
    </Item>
    <Item>
      <PriceUpdateDate>2025-05-23 08:10</PriceUpdateDate>
      <ItemCode>7290000051376</ItemCode>
      <ItemType>1</ItemType>
      <ItemName>יופלה דיאט אננס ספורטיבי 0% 150גר</ItemName>
      <ManufacturerName>לא ידוע</ManufacturerName>
      <ManufactureCountry>לא ידוע</ManufactureCountry>
      <ManufacturerItemDescription>יופלה דיאט אננס ספור</ManufacturerItemDescription>
      <UnitQty>גרמים</UnitQty>
      <Quantity>150.00</Quantity>
      <bIsWeighted>0</bIsWeighted>
      <UnitOfMeasure>100 גרם</UnitOfMeasure>
      <QtyInPackage>1</QtyInPackage>
      <ItemPrice>6.20</ItemPrice>
      <UnitOfMeasurePrice>4.13</UnitOfMeasurePrice>
      <AllowDiscount>1</AllowDiscount>
      <ItemStatus>1</ItemStatus>
    </Item>
    <Item>
      <PriceUpdateDate>2025-05-23 08:10</PriceUpdateDate>
      <ItemCode>7290000052311</ItemCode>
      <ItemType>1</ItemType>
      <ItemName>עמק פרוס בקופסא 200 גר 15% שומן</ItemName>
      <ManufacturerName>לא ידוע</ManufacturerName>
      <ManufactureCountry>לא ידוע</ManufactureCountry>
      <ManufacturerItemDescription>עמק פרוס בקופסא 200 </ManufacturerItemDescription>
      <UnitQty>גרמים</UnitQty>
      <Quantity>200.00</Quantity>
      <bIsWeighted>0</bIsWeighted>
      <UnitOfMeasure>100 גרם</UnitOfMeasure>
      <QtyInPackage>1</QtyInPackage>
      <ItemPrice>19.90</ItemPrice>
      <UnitOfMeasurePrice>9.95</UnitOfMeasurePrice>
      <AllowDiscount>1</AllowDiscount>
      <ItemStatus>1</ItemStatus>
    </Item>
    <Item>
      <PriceUpdateDate>2025-05-21 08:33</PriceUpdateDate>
      <ItemCode>7290000052717</ItemCode>
      <ItemType>1</ItemType>
      <ItemName>קוטג 5% עם שום שמיר 250 גרם</ItemName>
      <ManufacturerName>לא ידוע</ManufacturerName>
      <ManufactureCountry>לא ידוע</ManufactureCountry>
      <ManufacturerItemDescription>קוטג 5% עם שום שמיר </ManufacturerItemDescription>
      <UnitQty>גרמים</UnitQty>
      <Quantity>250.00</Quantity>
      <bIsWeighted>0</bIsWeighted>
      <UnitOfMeasure>100 גרם</UnitOfMeasure>
      <QtyInPackage>1</QtyInPackage>
      <ItemPrice>8.30</ItemPrice>
      <UnitOfMeasurePrice>3.32</UnitOfMeasurePrice>
      <AllowDiscount>1</AllowDiscount>
      <ItemStatus>1</ItemStatus>
    </Item>
    <Item>
      <PriceUpdateDate>2025-05-23 08:10</PriceUpdateDate>
      <ItemCode>7290000055329</ItemCode>
      <ItemType>1</ItemType>
      <ItemName>משקה יוגורט יופלה בטעם תות-מלון 250 גר</ItemName>
      <ManufacturerName>לא ידוע</ManufacturerName>
      <ManufactureCountry>לא ידוע</ManufactureCountry>
      <ManufacturerItemDescription>משקה יוגורט יופלה בט</ManufacturerItemDescription>
      <UnitQty>גרמים</UnitQty>
      <Quantity>250.00</Quantity>
      <bIsWeighted>0</bIsWeighted>
      <UnitOfMeasure>100 גרם</UnitOfMeasure>
      <QtyInPackage>1</QtyInPackage>
      <ItemPrice>7.30</ItemPrice>
      <UnitOfMeasurePrice>2.92</UnitOfMeasurePrice>
      <AllowDiscount>1</AllowDiscount>
      <ItemStatus>1</ItemStatus>
    </Item>
    <Item>
      <PriceUpdateDate>2025-05-23 08:10</PriceUpdateDate>
      <ItemCode>7290000055336</ItemCode>
      <ItemType>1</ItemType>
      <ItemName>משקה יוגורט יופלה בטעם בננה אפרסק 250 גר</ItemName>
      <ManufacturerName>לא ידוע</ManufacturerName>
      <ManufactureCountry>לא ידוע</ManufactureCountry>
      <ManufacturerItemDescription>משקה יוגורט יופלה בט</ManufacturerItemDescription>
      <UnitQty>גרמים</UnitQty>
      <Quantity>250.00</Quantity>
      <bIsWeighted>0</bIsWeighted>
      <UnitOfMeasure>100 גרם</UnitOfMeasure>
      <QtyInPackage>1</QtyInPackage>
      <ItemPrice>7.30</ItemPrice>
      <UnitOfMeasurePrice>2.92</UnitOfMeasurePrice>
      <AllowDiscount>1</AllowDiscount>
      <ItemStatus>1</ItemStatus>
    </Item>
    <Item>
      <PriceUpdateDate>2025-05-23 08:10</PriceUpdateDate>
      <ItemCode>7290000055343</ItemCode>
      <ItemType>1</ItemType>
      <ItemName>משקה יוגורט יופלה בטעם טרופי 250 גר</ItemName>
      <ManufacturerName>לא ידוע</ManufacturerName>
      <ManufactureCountry>לא ידוע</ManufactureCountry>
      <ManufacturerItemDescription>משקה יוגורט יופלה בט</ManufacturerItemDescription>
      <UnitQty>גרמים</UnitQty>
      <Quantity>250.00</Quantity>
      <bIsWeighted>0</bIsWeighted>
      <UnitOfMeasure>100 גרם</UnitOfMeasure>
      <QtyInPackage>1</QtyInPackage>
      <ItemPrice>7.30</ItemPrice>
      <UnitOfMeasurePrice>2.92</UnitOfMeasurePrice>
      <AllowDiscount>1</AllowDiscount>
      <ItemStatus>1</ItemStatus>
    </Item>
    <Item>
      <PriceUpdateDate>2025-05-04 09:05</PriceUpdateDate>
      <ItemCode>7290000055350</ItemCode>
      <ItemType>1</ItemType>
      <ItemName>גבינה צהובה חריץ עמק 28% במשקל</ItemName>
      <ManufacturerName>לא ידוע</ManufacturerName>
      <ManufactureCountry>לא ידוע</ManufactureCountry>
      <ManufacturerItemDescription>גבינה צהובה עמק 28% </ManufacturerItemDescription>
      <UnitQty>Unknown</UnitQty>
      <Quantity>0.00</Quantity>
      <bIsWeighted>1</bIsWeighted>
      <UnitOfMeasure>ק"ג</UnitOfMeasure>
      <QtyInPackage>0</QtyInPackage>
      <ItemPrice>52.30</ItemPrice>
      <UnitOfMeasurePrice>52.30</UnitOfMeasurePrice>
      <AllowDiscount>1</AllowDiscount>
      <ItemStatus>1</ItemStatus>
    </Item>
    <Item>
      <PriceUpdateDate>2025-05-06 06:39</PriceUpdateDate>
      <ItemCode>7290000056845</ItemCode>
      <ItemType>1</ItemType>
      <ItemName>חלב קרטון 3% תנובה 1.5 ליטר</ItemName>
      <ManufacturerName>לא ידוע</ManufacturerName>
      <ManufactureCountry>לא ידוע</ManufactureCountry>
      <ManufacturerItemDescription>חלב קרטון 3% תנובה  </ManufacturerItemDescription>
      <UnitQty>ליטרים</UnitQty>
      <Quantity>0.00</Quantity>
      <bIsWeighted>0</bIsWeighted>
      <UnitOfMeasure>ליטר</UnitOfMeasure>
      <QtyInPackage>1</QtyInPackage>
      <ItemPrice>10.90</ItemPrice>
      <UnitOfMeasurePrice>10.90</UnitOfMeasurePrice>
      <AllowDiscount>1</AllowDiscount>
      <ItemStatus>1</ItemStatus>
    </Item>
    <Item>
      <PriceUpdateDate>2025-05-23 08:10</PriceUpdateDate>
      <ItemCode>7290000057088</ItemCode>
      <ItemType>1</ItemType>
      <ItemName>עמק דק 200 גרם</ItemName>
      <ManufacturerName>לא ידוע</ManufacturerName>
      <ManufactureCountry>לא ידוע</ManufactureCountry>
      <ManufacturerItemDescription>עמק דק 200 גרם      </ManufacturerItemDescription>
      <UnitQty>גרמים</UnitQty>
      <Quantity>200.00</Quantity>
      <bIsWeighted>0</bIsWeighted>
      <UnitOfMeasure>100 גרם</UnitOfMeasure>
      <QtyInPackage>1</QtyInPackage>
      <ItemPrice>20.30</ItemPrice>
      <UnitOfMeasurePrice>10.15</UnitOfMeasurePrice>
      <AllowDiscount>1</AllowDiscount>
      <ItemStatus>1</ItemStatus>
    </Item>
    <Item>
      <PriceUpdateDate>2025-05-23 08:10</PriceUpdateDate>
      <ItemCode>7290000057118</ItemCode>
      <ItemType>1</ItemType>
      <ItemName>גבינה סמי 28% 400 גרם</ItemName>
      <ManufacturerName>לא ידוע</ManufacturerName>
      <ManufactureCountry>לא ידוע</ManufactureCountry>
      <ManufacturerItemDescription>גבינה סמי 28% 400 גר</ManufacturerItemDescription>
      <UnitQty>גרמים</UnitQty>
      <Quantity>400.00</Quantity>
      <bIsWeighted>0</bIsWeighted>
      <UnitOfMeasure>100 גרם</UnitOfMeasure>
      <QtyInPackage>1</QtyInPackage>
      <ItemPrice>28.50</ItemPrice>
      <UnitOfMeasurePrice>7.13</UnitOfMeasurePrice>
      <AllowDiscount>1</AllowDiscount>
      <ItemStatus>1</ItemStatus>
    </Item>
    <Item>
      <PriceUpdateDate>2025-05-23 08:10</PriceUpdateDate>
      <ItemCode>7290000057132</ItemCode>
      <ItemType>1</ItemType>
      <ItemName>יוגורט 1.5% 200 גרם</ItemName>
      <ManufacturerName>לא ידוע</ManufacturerName>
      <ManufactureCountry>לא ידוע</ManufactureCountry>
      <ManufacturerItemDescription>יוגורט 1.5% 200 גרם </ManufacturerItemDescription>
      <UnitQty>גרמים</UnitQty>
      <Quantity>200.00</Quantity>
      <bIsWeighted>0</bIsWeighted>
      <UnitOfMeasure>100 גרם</UnitOfMeasure>
      <QtyInPackage>1</QtyInPackage>
      <ItemPrice>4.30</ItemPrice>
      <UnitOfMeasurePrice>2.15</UnitOfMeasurePrice>
      <AllowDiscount>1</AllowDiscount>
      <ItemStatus>1</ItemStatus>
    </Item>
    <Item>
      <PriceUpdateDate>2025-05-23 08:10</PriceUpdateDate>
      <ItemCode>7290000057149</ItemCode>
      <ItemType>1</ItemType>
      <ItemName>יוגורט תנובה 3% 200 גר</ItemName>
      <ManufacturerName>לא ידוע</ManufacturerName>
      <ManufactureCountry>לא ידוע</ManufactureCountry>
      <ManufacturerItemDescription>יוגורט תנובה 3% 200 </ManufacturerItemDescription>
      <UnitQty>גרמים</UnitQty>
      <Quantity>200.00</Quantity>
      <bIsWeighted>0</bIsWeighted>
      <UnitOfMeasure>100 גרם</UnitOfMeasure>
      <QtyInPackage>1</QtyInPackage>
      <ItemPrice>4.20</ItemPrice>
      <UnitOfMeasurePrice>2.10</UnitOfMeasurePrice>
      <AllowDiscount>1</AllowDiscount>
      <ItemStatus>1</ItemStatus>
    </Item>
    <Item>
      <PriceUpdateDate>2025-05-04 09:05</PriceUpdateDate>
      <ItemCode>7290000058047</ItemCode>
      <ItemType>1</ItemType>
      <ItemName>שמנת 38% עם פקק 500 מ"ל</ItemName>
      <ManufacturerName>לא ידוע</ManufacturerName>
      <ManufactureCountry>IL</ManufactureCountry>
      <ManufacturerItemDescription>שמנת 38% עם פקק 500 </ManufacturerItemDescription>
      <UnitQty>מיליליטרים</UnitQty>
      <Quantity>500.00</Quantity>
      <bIsWeighted>0</bIsWeighted>
      <UnitOfMeasure>100 מ"ל</UnitOfMeasure>
      <QtyInPackage>1</QtyInPackage>
      <ItemPrice>15.10</ItemPrice>
      <UnitOfMeasurePrice>3.02</UnitOfMeasurePrice>
      <AllowDiscount>1</AllowDiscount>
      <ItemStatus>1</ItemStatus>
    </Item>
    <Item>
      <PriceUpdateDate>2025-01-23 07:40</PriceUpdateDate>
      <ItemCode>7290000060071</ItemCode>
      <ItemType>1</ItemType>
      <ItemName>פריכונים מאורז מלא מלוח עדין 80 גרם</ItemName>
      <ManufacturerName>לא ידוע</ManufacturerName>
      <ManufactureCountry>לא ידוע</ManufactureCountry>
      <ManufacturerItemDescription>פריכונים טבעי  80 גר</ManufacturerItemDescription>
      <UnitQty>גרמים</UnitQty>
      <Quantity>80.00</Quantity>
      <bIsWeighted>0</bIsWeighted>
      <UnitOfMeasure>100 גרם</UnitOfMeasure>
      <QtyInPackage>1</QtyInPackage>
      <ItemPrice>10.90</ItemPrice>
      <UnitOfMeasurePrice>13.63</UnitOfMeasurePrice>
      <AllowDiscount>1</AllowDiscount>
      <ItemStatus>1</ItemStatus>
    </Item>
    <Item>
      <PriceUpdateDate>2025-06-06 05:57</PriceUpdateDate>
      <ItemCode>7290000060088</ItemCode>
      <ItemType>1</ItemType>
      <ItemName>בייגלה מקלות מלוחים 400 גרם</ItemName>
      <ManufacturerName>לא ידוע</ManufacturerName>
      <ManufactureCountry>לא ידוע</ManufactureCountry>
      <ManufacturerItemDescription>בייגלה מקלות מלוחים </ManufacturerItemDescription>
      <UnitQty>גרמים</UnitQty>
      <Quantity>400.00</Quantity>
      <bIsWeighted>0</bIsWeighted>
      <UnitOfMeasure>100 גרם</UnitOfMeasure>
      <QtyInPackage>1</QtyInPackage>
      <ItemPrice>16.90</ItemPrice>
      <UnitOfMeasurePrice>4.23</UnitOfMeasurePrice>
      <AllowDiscount>1</AllowDiscount>
      <ItemStatus>1</ItemStatus>
    </Item>
    <Item>
      <PriceUpdateDate>2024-10-10 18:14</PriceUpdateDate>
      <ItemCode>7290000060163</ItemCode>
      <ItemType>1</ItemType>
      <ItemName>אטריות דקות 400 גרם</ItemName>
      <ManufacturerName>לא ידוע</ManufacturerName>
      <ManufactureCountry>לא ידוע</ManufactureCountry>
      <ManufacturerItemDescription>אטריות דקות 400 גרם </ManufacturerItemDescription>
      <UnitQty>גרמים</UnitQty>
      <Quantity>400.00</Quantity>
      <bIsWeighted>0</bIsWeighted>
      <UnitOfMeasure>100 גרם</UnitOfMeasure>
      <QtyInPackage>1</QtyInPackage>
      <ItemPrice>10.90</ItemPrice>
      <UnitOfMeasurePrice>2.73</UnitOfMeasurePrice>
      <AllowDiscount>1</AllowDiscount>
      <ItemStatus>1</ItemStatus>
    </Item>
    <Item>
      <PriceUpdateDate>2024-07-17 08:34</PriceUpdateDate>
      <ItemCode>7290000060200</ItemCode>
      <ItemType>1</ItemType>
      <ItemName>פתיתים אפויים קוסקוס 500 גרם</ItemName>
      <ManufacturerName>לא ידוע</ManufacturerName>
      <ManufactureCountry>לא ידוע</ManufactureCountry>
      <ManufacturerItemDescription>פתיתים אפויים קוסקוס</ManufacturerItemDescription>
      <UnitQty>גרמים</UnitQty>
      <Quantity>500.00</Quantity>
      <bIsWeighted>0</bIsWeighted>
      <UnitOfMeasure>100 גרם</UnitOfMeasure>
      <QtyInPackage>1</QtyInPackage>
      <ItemPrice>9.90</ItemPrice>
      <UnitOfMeasurePrice>1.98</UnitOfMeasurePrice>
      <AllowDiscount>1</AllowDiscount>
      <ItemStatus>1</ItemStatus>
    </Item>
    <Item>
      <PriceUpdateDate>2023-06-11 08:44</PriceUpdateDate>
      <ItemCode>7290000060217</ItemCode>
      <ItemType>1</ItemType>
      <ItemName>פסטה מקרוני מס 7 500 גר</ItemName>
      <ManufacturerName>לא ידוע</ManufacturerName>
      <ManufactureCountry>לא ידוע</ManufactureCountry>
      <ManufacturerItemDescription>פסטה מקרוני מס 7 500</ManufacturerItemDescription>
      <UnitQty>גרמים</UnitQty>
      <Quantity>500.00</Quantity>
      <bIsWeighted>0</bIsWeighted>
      <UnitOfMeasure>100 גרם</UnitOfMeasure>
      <QtyInPackage>1</QtyInPackage>
      <ItemPrice>7.90</ItemPrice>
      <UnitOfMeasurePrice>1.58</UnitOfMeasurePrice>
      <AllowDiscount>1</AllowDiscount>
      <ItemStatus>1</ItemStatus>
    </Item>
    <Item>
      <PriceUpdateDate>2023-06-11 08:44</PriceUpdateDate>
      <ItemCode>7290000060248</ItemCode>
      <ItemType>1</ItemType>
      <ItemName>פסטה תלתלים (61) 500 גרם</ItemName>
      <ManufacturerName>לא ידוע</ManufacturerName>
      <ManufactureCountry>לא ידוע</ManufactureCountry>
      <ManufacturerItemDescription>פסטה תלתלים (61) 500</ManufacturerItemDescription>
      <UnitQty>גרמים</UnitQty>
      <Quantity>500.00</Quantity>
      <bIsWeighted>0</bIsWeighted>
      <UnitOfMeasure>100 גרם</UnitOfMeasure>
      <QtyInPackage>1</QtyInPackage>
      <ItemPrice>7.90</ItemPrice>
      <UnitOfMeasurePrice>1.58</UnitOfMeasurePrice>
      <AllowDiscount>1</AllowDiscount>
      <ItemStatus>1</ItemStatus>
    </Item>
    <Item>
      <PriceUpdateDate>2024-07-04 17:01</PriceUpdateDate>
      <ItemCode>7290000060408</ItemCode>
      <ItemType>1</ItemType>
      <ItemName>פתיתים אפויים טבעות 500 גרם</ItemName>
      <ManufacturerName>לא ידוע</ManufacturerName>
      <ManufactureCountry>לא ידוע</ManufactureCountry>
      <ManufacturerItemDescription>פתיתים אפויים טבעות </ManufacturerItemDescription>
      <UnitQty>גרמים</UnitQty>
      <Quantity>500.00</Quantity>
      <bIsWeighted>0</bIsWeighted>
      <UnitOfMeasure>100 גרם</UnitOfMeasure>
      <QtyInPackage>1</QtyInPackage>
      <ItemPrice>9.90</ItemPrice>
      <UnitOfMeasurePrice>1.98</UnitOfMeasurePrice>
      <AllowDiscount>1</AllowDiscount>
      <ItemStatus>1</ItemStatus>
    </Item>
    <Item>
      <PriceUpdateDate>2024-07-04 16:57</PriceUpdateDate>
      <ItemCode>7290000060576</ItemCode>
      <ItemType>1</ItemType>
      <ItemName>פתיתים אפויים כוכבים 500 גרם</ItemName>
      <ManufacturerName>לא ידוע</ManufacturerName>
      <ManufactureCountry>לא ידוע</ManufactureCountry>
      <ManufacturerItemDescription>פתיתים אפויים כוכבים</ManufacturerItemDescription>
      <UnitQty>גרמים</UnitQty>
      <Quantity>500.00</Quantity>
      <bIsWeighted>0</bIsWeighted>
      <UnitOfMeasure>100 גרם</UnitOfMeasure>
      <QtyInPackage>1</QtyInPackage>
      <ItemPrice>9.90</ItemPrice>
      <UnitOfMeasurePrice>1.98</UnitOfMeasurePrice>
      <AllowDiscount>1</AllowDiscount>
      <ItemStatus>1</ItemStatus>
    </Item>
    <Item>
      <PriceUpdateDate>2023-06-11 08:44</PriceUpdateDate>
      <ItemCode>7290000060781</ItemCode>
      <ItemType>1</ItemType>
      <ItemName>פסטה מסולסלים (57) 500 גרם</ItemName>
      <ManufacturerName>לא ידוע</ManufacturerName>
      <ManufactureCountry>לא ידוע</ManufactureCountry>
      <ManufacturerItemDescription>פסטה מסולסלים (57) 5</ManufacturerItemDescription>
      <UnitQty>גרמים</UnitQty>
      <Quantity>500.00</Quantity>
      <bIsWeighted>0</bIsWeighted>
      <UnitOfMeasure>100 גרם</UnitOfMeasure>
      <QtyInPackage>1</QtyInPackage>
      <ItemPrice>7.90</ItemPrice>
      <UnitOfMeasurePrice>1.58</UnitOfMeasurePrice>
      <AllowDiscount>1</AllowDiscount>
      <ItemStatus>1</ItemStatus>
    </Item>
    <Item>
      <PriceUpdateDate>2023-06-11 08:44</PriceUpdateDate>
      <ItemCode>7290000060828</ItemCode>
      <ItemType>1</ItemType>
      <ItemName>פסטה קרניים בינוניות (55) 500 גרם</ItemName>
      <ManufacturerName>לא ידוע</ManufacturerName>
      <ManufactureCountry>לא ידוע</ManufactureCountry>
      <ManufacturerItemDescription>פסטה קרניים בינוניות</ManufacturerItemDescription>
      <UnitQty>גרמים</UnitQty>
      <Quantity>500.00</Quantity>
      <bIsWeighted>0</bIsWeighted>
      <UnitOfMeasure>100 גרם</UnitOfMeasure>
      <QtyInPackage>1</QtyInPackage>
      <ItemPrice>7.90</ItemPrice>
      <UnitOfMeasurePrice>1.58</UnitOfMeasurePrice>
      <AllowDiscount>1</AllowDiscount>
      <ItemStatus>1</ItemStatus>
    </Item>
    <Item>
      <PriceUpdateDate>2023-06-11 08:44</PriceUpdateDate>
      <ItemCode>7290000060842</ItemCode>
      <ItemType>1</ItemType>
      <ItemName>פסטה צדפים גדולים (56) 500 גרם</ItemName>
      <ManufacturerName>לא ידוע</ManufacturerName>
      <ManufactureCountry>לא ידוע</ManufactureCountry>
      <ManufacturerItemDescription>פסטה צדפים גדולים (5</ManufacturerItemDescription>
      <UnitQty>גרמים</UnitQty>
      <Quantity>500.00</Quantity>
      <bIsWeighted>0</bIsWeighted>
      <UnitOfMeasure>100 גרם</UnitOfMeasure>
      <QtyInPackage>1</QtyInPackage>
      <ItemPrice>7.90</ItemPrice>
      <UnitOfMeasurePrice>1.58</UnitOfMeasurePrice>
      <AllowDiscount>1</AllowDiscount>
      <ItemStatus>1</ItemStatus>
    </Item>
    <Item>
      <PriceUpdateDate>2022-05-27 10:25</PriceUpdateDate>
      <ItemCode>7290000060859</ItemCode>
      <ItemType>1</ItemType>
      <ItemName>פסטה צדפים קטנים (24) 500 גרם</ItemName>
      <ManufacturerName>לא ידוע</ManufacturerName>
      <ManufactureCountry>לא ידוע</ManufactureCountry>
      <ManufacturerItemDescription>פסטה צדפים קטנים (24</ManufacturerItemDescription>
      <UnitQty>גרמים</UnitQty>
      <Quantity>500.00</Quantity>
      <bIsWeighted>0</bIsWeighted>
      <UnitOfMeasure>100 גרם</UnitOfMeasure>
      <QtyInPackage>1</QtyInPackage>
      <ItemPrice>6.90</ItemPrice>
      <UnitOfMeasurePrice>1.38</UnitOfMeasurePrice>
      <AllowDiscount>1</AllowDiscount>
      <ItemStatus>1</ItemStatus>
    </Item>
    <Item>
      <PriceUpdateDate>2023-06-11 08:44</PriceUpdateDate>
      <ItemCode>7290000060880</ItemCode>
      <ItemType>1</ItemType>
      <ItemName>ספגטי (3) 500 גרם</ItemName>
      <ManufacturerName>לא ידוע</ManufacturerName>
      <ManufactureCountry>לא ידוע</ManufactureCountry>
      <ManufacturerItemDescription>ספגטי (3) 500 גרם   </ManufacturerItemDescription>
      <UnitQty>גרמים</UnitQty>
      <Quantity>500.00</Quantity>
      <bIsWeighted>0</bIsWeighted>
      <UnitOfMeasure>100 גרם</UnitOfMeasure>
      <QtyInPackage>1</QtyInPackage>
      <ItemPrice>7.90</ItemPrice>
      <UnitOfMeasurePrice>1.58</UnitOfMeasurePrice>
      <AllowDiscount>1</AllowDiscount>
      <ItemStatus>1</ItemStatus>
    </Item>
    <Item>
      <PriceUpdateDate>2024-07-17 08:32</PriceUpdateDate>
      <ItemCode>7290000060903</ItemCode>
      <ItemType>1</ItemType>
      <ItemName>פתיתים אפויים אורז 500 גרם</ItemName>
      <ManufacturerName>לא ידוע</ManufacturerName>
      <ManufactureCountry>לא ידוע</ManufactureCountry>
      <ManufacturerItemDescription>פתיתים אפויים אורז 5</ManufacturerItemDescription>
      <UnitQty>גרמים</UnitQty>
      <Quantity>500.00</Quantity>
      <bIsWeighted>0</bIsWeighted>
      <UnitOfMeasure>100 גרם</UnitOfMeasure>
      <QtyInPackage>1</QtyInPackage>
      <ItemPrice>9.90</ItemPrice>
      <UnitOfMeasurePrice>1.98</UnitOfMeasurePrice>
      <AllowDiscount>1</AllowDiscount>
      <ItemStatus>1</ItemStatus>
    </Item>
    <Item>
      <PriceUpdateDate>2024-03-05 10:24</PriceUpdateDate>
      <ItemCode>7290000060965</ItemCode>
      <ItemType>1</ItemType>
      <ItemName>אטריות  רחבות 400 גרם</ItemName>
      <ManufacturerName>לא ידוע</ManufacturerName>
      <ManufactureCountry>IL</ManufactureCountry>
      <ManufacturerItemDescription> אסם אטריות רחבות 40</ManufacturerItemDescription>
      <UnitQty>גרמים</UnitQty>
      <Quantity>400.00</Quantity>
      <bIsWeighted>0</bIsWeighted>
      <UnitOfMeasure>100 גרם</UnitOfMeasure>
      <QtyInPackage>1</QtyInPackage>
      <ItemPrice>10.90</ItemPrice>
      <UnitOfMeasurePrice>2.73</UnitOfMeasurePrice>
      <AllowDiscount>1</AllowDiscount>
      <ItemStatus>1</ItemStatus>
    </Item>
    <Item>
      <PriceUpdateDate>2024-03-05 10:13</PriceUpdateDate>
      <ItemCode>7290000060972</ItemCode>
      <ItemType>1</ItemType>
      <ItemName>אטריות דקיקות 400 גרם</ItemName>
      <ManufacturerName>לא ידוע</ManufacturerName>
      <ManufactureCountry>לא ידוע</ManufactureCountry>
      <ManufacturerItemDescription>אטריות דקיקות 400 גר</ManufacturerItemDescription>
      <UnitQty>גרמים</UnitQty>
      <Quantity>400.00</Quantity>
      <bIsWeighted>0</bIsWeighted>
      <UnitOfMeasure>100 גרם</UnitOfMeasure>
      <QtyInPackage>1</QtyInPackage>
      <ItemPrice>10.90</ItemPrice>
      <UnitOfMeasurePrice>2.73</UnitOfMeasurePrice>
      <AllowDiscount>1</AllowDiscount>
      <ItemStatus>1</ItemStatus>
    </Item>
    <Item>
      <PriceUpdateDate>2025-01-05 19:48</PriceUpdateDate>
      <ItemCode>7290000061085</ItemCode>
      <ItemType>1</ItemType>
      <ItemName>רוטב צילי מתוק 290 מ"ל-בקבוק</ItemName>
      <ManufacturerName>לא ידוע</ManufacturerName>
      <ManufactureCountry>לא ידוע</ManufactureCountry>
      <ManufacturerItemDescription>רוטב צילי מתוק 290 מ</ManufacturerItemDescription>
      <UnitQty>מיליליטרים</UnitQty>
      <Quantity>290.00</Quantity>
      <bIsWeighted>0</bIsWeighted>
      <UnitOfMeasure>100 מ"ל</UnitOfMeasure>
      <QtyInPackage>1</QtyInPackage>
      <ItemPrice>18.90</ItemPrice>
      <UnitOfMeasurePrice>6.52</UnitOfMeasurePrice>
      <AllowDiscount>1</AllowDiscount>
      <ItemStatus>1</ItemStatus>
    </Item>
    <Item>
      <PriceUpdateDate>2025-01-05 19:47</PriceUpdateDate>
      <ItemCode>7290000061108</ItemCode>
      <ItemType>1</ItemType>
      <ItemName>רוטב טריאקי 290 מ"ל-בקבוק</ItemName>
      <ManufacturerName>לא ידוע</ManufacturerName>
      <ManufactureCountry>לא ידוע</ManufactureCountry>
      <ManufacturerItemDescription>רוטב טריאקי 290 מ"ל-</ManufacturerItemDescription>
      <UnitQty>מיליליטרים</UnitQty>
      <Quantity>290.00</Quantity>
      <bIsWeighted>0</bIsWeighted>
      <UnitOfMeasure>100 מ"ל</UnitOfMeasure>
      <QtyInPackage>1</QtyInPackage>
      <ItemPrice>18.90</ItemPrice>
      <UnitOfMeasurePrice>6.52</UnitOfMeasurePrice>
      <AllowDiscount>1</AllowDiscount>
      <ItemStatus>1</ItemStatus>
    </Item>
    <Item>
      <PriceUpdateDate>2025-06-06 05:57</PriceUpdateDate>
      <ItemCode>7290000061764</ItemCode>
      <ItemType>1</ItemType>
      <ItemName>נסקפה רד מאג 200 גרם</ItemName>
      <ManufacturerName>לא ידוע</ManufacturerName>
      <ManufactureCountry>לא ידוע</ManufactureCountry>
      <ManufacturerItemDescription>נס קפה רד מאג 200 גר</ManufacturerItemDescription>
      <UnitQty>גרמים</UnitQty>
      <Quantity>200.00</Quantity>
      <bIsWeighted>0</bIsWeighted>
      <UnitOfMeasure>100 גרם</UnitOfMeasure>
      <QtyInPackage>1</QtyInPackage>
      <ItemPrice>29.90</ItemPrice>
      <UnitOfMeasurePrice>14.95</UnitOfMeasurePrice>
      <AllowDiscount>1</AllowDiscount>
      <ItemStatus>1</ItemStatus>
    </Item>
    <Item>
      <PriceUpdateDate>2025-06-06 05:55</PriceUpdateDate>
      <ItemCode>7290000062952</ItemCode>
      <ItemType>1</ItemType>
      <ItemName>מיני קרוטונים למרק וסלט 250 גר</ItemName>
      <ManufacturerName>לא ידוע</ManufacturerName>
      <ManufactureCountry>לא ידוע</ManufactureCountry>
      <ManufacturerItemDescription>מיני קרוטונים למרק ו</ManufacturerItemDescription>
      <UnitQty>גרמים</UnitQty>
      <Quantity>250.00</Quantity>
      <bIsWeighted>0</bIsWeighted>
      <UnitOfMeasure>100 גרם</UnitOfMeasure>
      <QtyInPackage>1</QtyInPackage>
      <ItemPrice>21.90</ItemPrice>
      <UnitOfMeasurePrice>8.76</UnitOfMeasurePrice>
      <AllowDiscount>1</AllowDiscount>
      <ItemStatus>1</ItemStatus>
    </Item>
    <Item>
      <PriceUpdateDate>2023-01-05 10:19</PriceUpdateDate>
      <ItemCode>7290000063140</ItemCode>
      <ItemType>1</ItemType>
      <ItemName>שקדי מרק 400 גרם -שקית</ItemName>
      <ManufacturerName>לא ידוע</ManufacturerName>
      <ManufactureCountry>לא ידוע</ManufactureCountry>
      <ManufacturerItemDescription>שקדי מרק 400 גרם -שק</ManufacturerItemDescription>
      <UnitQty>גרמים</UnitQty>
      <Quantity>400.00</Quantity>
      <bIsWeighted>0</bIsWeighted>
      <UnitOfMeasure>100 גרם</UnitOfMeasure>
      <QtyInPackage>1</QtyInPackage>
      <ItemPrice>13.90</ItemPrice>
      <UnitOfMeasurePrice>3.48</UnitOfMeasurePrice>
      <AllowDiscount>1</AllowDiscount>
      <ItemStatus>1</ItemStatus>
    </Item>
    <Item>
      <PriceUpdateDate>2023-01-05 10:19</PriceUpdateDate>
      <ItemCode>7290000064758</ItemCode>
      <ItemType>1</ItemType>
      <ItemName>קוסקוס אמיתי בשקית 350 גרם</ItemName>
      <ManufacturerName>לא ידוע</ManufacturerName>
      <ManufactureCountry>לא ידוע</ManufactureCountry>
      <ManufacturerItemDescription>קוסקוס אמיתי בשקית 3</ManufacturerItemDescription>
      <UnitQty>גרמים</UnitQty>
      <Quantity>350.00</Quantity>
      <bIsWeighted>0</bIsWeighted>
      <UnitOfMeasure>100 גרם</UnitOfMeasure>
      <QtyInPackage>1</QtyInPackage>
      <ItemPrice>10.90</ItemPrice>
      <UnitOfMeasurePrice>3.11</UnitOfMeasurePrice>
      <AllowDiscount>1</AllowDiscount>
      <ItemStatus>1</ItemStatus>
    </Item>
    <Item>
      <PriceUpdateDate>2025-06-06 05:57</PriceUpdateDate>
      <ItemCode>7290000064871</ItemCode>
      <ItemType>1</ItemType>
      <ItemName>מנה חמה פירה תפו"א ובצל 56 גרם</ItemName>
      <ManufacturerName>לא ידוע</ManufacturerName>
      <ManufactureCountry>לא ידוע</ManufactureCountry>
      <ManufacturerItemDescription>מנה חמה פירה תפו"א ו</ManufacturerItemDescription>
      <UnitQty>גרמים</UnitQty>
      <Quantity>56.00</Quantity>
      <bIsWeighted>0</bIsWeighted>
      <UnitOfMeasure>100 גרם</UnitOfMeasure>
      <QtyInPackage>1</QtyInPackage>
      <ItemPrice>9.90</ItemPrice>
      <UnitOfMeasurePrice>17.68</UnitOfMeasurePrice>
      <AllowDiscount>1</AllowDiscount>
      <ItemStatus>1</ItemStatus>
    </Item>
    <Item>
      <PriceUpdateDate>2025-06-06 05:56</PriceUpdateDate>
      <ItemCode>7290000065090</ItemCode>
      <ItemType>1</ItemType>
      <ItemName>מיני קרוטונים למרק וסלט 400 גרם</ItemName>
      <ManufacturerName>לא ידוע</ManufacturerName>
      <ManufactureCountry>לא ידוע</ManufactureCountry>
      <ManufacturerItemDescription>מיני קרוטונים למרק ו</ManufacturerItemDescription>
      <UnitQty>גרמים</UnitQty>
      <Quantity>400.00</Quantity>
      <bIsWeighted>0</bIsWeighted>
      <UnitOfMeasure>100 גרם</UnitOfMeasure>
      <QtyInPackage>1</QtyInPackage>
      <ItemPrice>31.90</ItemPrice>
      <UnitOfMeasurePrice>7.98</UnitOfMeasurePrice>
      <AllowDiscount>1</AllowDiscount>
      <ItemStatus>1</ItemStatus>
    </Item>
    <Item>
      <PriceUpdateDate>2025-06-06 05:56</PriceUpdateDate>
      <ItemCode>7290000065557</ItemCode>
      <ItemType>1</ItemType>
      <ItemName>מנה חמה קוסקוס עם ירקות 62 גר</ItemName>
      <ManufacturerName>לא ידוע</ManufacturerName>
      <ManufactureCountry>לא ידוע</ManufactureCountry>
      <ManufacturerItemDescription>מנה חמה קוסקוס עם יר</ManufacturerItemDescription>
      <UnitQty>גרמים</UnitQty>
      <Quantity>62.00</Quantity>
      <bIsWeighted>0</bIsWeighted>
      <UnitOfMeasure>100 גרם</UnitOfMeasure>
      <QtyInPackage>1</QtyInPackage>
      <ItemPrice>9.90</ItemPrice>
      <UnitOfMeasurePrice>15.97</UnitOfMeasurePrice>
      <AllowDiscount>1</AllowDiscount>
      <ItemStatus>1</ItemStatus>
    </Item>
    <Item>
      <PriceUpdateDate>2025-01-23 07:40</PriceUpdateDate>
      <ItemCode>7290000065977</ItemCode>
      <ItemType>1</ItemType>
      <ItemName>אסם חטיפי פריכונים תירס כלפ 80 גרם</ItemName>
      <ManufacturerName>לא ידוע</ManufacturerName>
      <ManufactureCountry>ישראל</ManufactureCountry>
      <ManufacturerItemDescription>אסם חטיפי פריכונים ת</ManufacturerItemDescription>
      <UnitQty>גרמים</UnitQty>
      <Quantity>80.00</Quantity>
      <bIsWeighted>0</bIsWeighted>
      <UnitOfMeasure>100 גרם</UnitOfMeasure>
      <QtyInPackage>1</QtyInPackage>
      <ItemPrice>10.90</ItemPrice>
      <UnitOfMeasurePrice>13.63</UnitOfMeasurePrice>
      <AllowDiscount>1</AllowDiscount>
      <ItemStatus>1</ItemStatus>
    </Item>
    <Item>
      <PriceUpdateDate>2025-06-06 05:57</PriceUpdateDate>
      <ItemCode>7290000066141</ItemCode>
      <ItemType>1</ItemType>
      <ItemName>ביסלי בטעם גריל 70 גרם</ItemName>
      <ManufacturerName>לא ידוע</ManufacturerName>
      <ManufactureCountry>לא ידוע</ManufactureCountry>
      <ManufacturerItemDescription>ביסלי בטעם גריל 70 ג</ManufacturerItemDescription>
      <UnitQty>גרמים</UnitQty>
      <Quantity>70.00</Quantity>
      <bIsWeighted>0</bIsWeighted>
      <UnitOfMeasure>100 גרם</UnitOfMeasure>
      <QtyInPackage>1</QtyInPackage>
      <ItemPrice>5.90</ItemPrice>
      <UnitOfMeasurePrice>8.43</UnitOfMeasurePrice>
      <AllowDiscount>1</AllowDiscount>
      <ItemStatus>1</ItemStatus>
    </Item>
    <Item>
      <PriceUpdateDate>2025-06-06 05:55</PriceUpdateDate>
      <ItemCode>7290000066172</ItemCode>
      <ItemType>1</ItemType>
      <ItemName>ביסלי בטעם פיצה 70 גרם</ItemName>
      <ManufacturerName>לא ידוע</ManufacturerName>
      <ManufactureCountry>לא ידוע</ManufactureCountry>
      <ManufacturerItemDescription>ביסלי בטעם פיצה 70 ג</ManufacturerItemDescription>
      <UnitQty>גרמים</UnitQty>
      <Quantity>70.00</Quantity>
      <bIsWeighted>0</bIsWeighted>
      <UnitOfMeasure>100 גרם</UnitOfMeasure>
      <QtyInPackage>1</QtyInPackage>
      <ItemPrice>5.90</ItemPrice>
      <UnitOfMeasurePrice>8.43</UnitOfMeasurePrice>
      <AllowDiscount>1</AllowDiscount>
      <ItemStatus>1</ItemStatus>
    </Item>
    <Item>
      <PriceUpdateDate>2025-06-06 05:57</PriceUpdateDate>
      <ItemCode>7290000066196</ItemCode>
      <ItemType>1</ItemType>
      <ItemName>ביסלי בטעם גריל 200 גרם</ItemName>
      <ManufacturerName>לא ידוע</ManufacturerName>
      <ManufactureCountry>לא ידוע</ManufactureCountry>
      <ManufacturerItemDescription>ביסלי בטעם גריל 200 </ManufacturerItemDescription>
      <UnitQty>גרמים</UnitQty>
      <Quantity>200.00</Quantity>
      <bIsWeighted>0</bIsWeighted>
      <UnitOfMeasure>100 גרם</UnitOfMeasure>
      <QtyInPackage>1</QtyInPackage>
      <ItemPrice>10.50</ItemPrice>
      <UnitOfMeasurePrice>5.25</UnitOfMeasurePrice>
      <AllowDiscount>1</AllowDiscount>
      <ItemStatus>1</ItemStatus>
    </Item>
    <Item>
      <PriceUpdateDate>2025-06-06 05:56</PriceUpdateDate>
      <ItemCode>7290000066226</ItemCode>
      <ItemType>1</ItemType>
      <ItemName>ביסלי בטעם פיצה 200 גרם</ItemName>
      <ManufacturerName>לא ידוע</ManufacturerName>
      <ManufactureCountry>לא ידוע</ManufactureCountry>
      <ManufacturerItemDescription>ביסלי בטעם פיצה 200 </ManufacturerItemDescription>
      <UnitQty>גרמים</UnitQty>
      <Quantity>200.00</Quantity>
      <bIsWeighted>0</bIsWeighted>
      <UnitOfMeasure>100 גרם</UnitOfMeasure>
      <QtyInPackage>1</QtyInPackage>
      <ItemPrice>10.50</ItemPrice>
      <UnitOfMeasurePrice>5.25</UnitOfMeasurePrice>
      <AllowDiscount>1</AllowDiscount>
      <ItemStatus>1</ItemStatus>
    </Item>
    <Item>
      <PriceUpdateDate>2025-06-06 05:57</PriceUpdateDate>
      <ItemCode>7290000066264</ItemCode>
      <ItemType>1</ItemType>
      <ItemName>דובונים חטיף תפו"א 40 גרם</ItemName>
      <ManufacturerName>לא ידוע</ManufacturerName>
      <ManufactureCountry>לא ידוע</ManufactureCountry>
      <ManufacturerItemDescription>דובונים חטיף תפו"א 4</ManufacturerItemDescription>
      <UnitQty>גרמים</UnitQty>
      <Quantity>40.00</Quantity>
      <bIsWeighted>0</bIsWeighted>
      <UnitOfMeasure>100 גרם</UnitOfMeasure>
      <QtyInPackage>1</QtyInPackage>
      <ItemPrice>6.20</ItemPrice>
      <UnitOfMeasurePrice>15.50</UnitOfMeasurePrice>
      <AllowDiscount>1</AllowDiscount>
      <ItemStatus>1</ItemStatus>
    </Item>
    <Item>
      <PriceUpdateDate>2025-06-06 05:56</PriceUpdateDate>
      <ItemCode>7290000066295</ItemCode>
      <ItemType>1</ItemType>
      <ItemName>במבה תות מחומרים טבעיים 30 גרם</ItemName>
      <ManufacturerName>לא ידוע</ManufacturerName>
      <ManufactureCountry>לא ידוע</ManufactureCountry>
      <ManufacturerItemDescription>במבה תות מחומרים טבע</ManufacturerItemDescription>
      <UnitQty>גרמים</UnitQty>
      <Quantity>30.00</Quantity>
      <bIsWeighted>0</bIsWeighted>
      <UnitOfMeasure>100 גרם</UnitOfMeasure>
      <QtyInPackage>1</QtyInPackage>
      <ItemPrice>3.50</ItemPrice>
      <UnitOfMeasurePrice>11.67</UnitOfMeasurePrice>
      <AllowDiscount>1</AllowDiscount>
      <ItemStatus>1</ItemStatus>
    </Item>
    <Item>
      <PriceUpdateDate>2025-06-06 05:57</PriceUpdateDate>
      <ItemCode>7290000066318</ItemCode>
      <ItemType>1</ItemType>
      <ItemName>במבה 80 גרם</ItemName>
      <ManufacturerName>לא ידוע</ManufacturerName>
      <ManufactureCountry>לא ידוע</ManufactureCountry>
      <ManufacturerItemDescription>במבה 80 גרם         </ManufacturerItemDescription>
      <UnitQty>גרמים</UnitQty>
      <Quantity>80.00</Quantity>
      <bIsWeighted>0</bIsWeighted>
      <UnitOfMeasure>100 גרם</UnitOfMeasure>
      <QtyInPackage>1</QtyInPackage>
      <ItemPrice>6.40</ItemPrice>
      <UnitOfMeasurePrice>8.00</UnitOfMeasurePrice>
      <AllowDiscount>1</AllowDiscount>
      <ItemStatus>1</ItemStatus>
    </Item>
    <Item>
      <PriceUpdateDate>2025-06-06 05:57</PriceUpdateDate>
      <ItemCode>7290000066332</ItemCode>
      <ItemType>1</ItemType>
      <ItemName>חטיף אפרופו 50 גרם</ItemName>
      <ManufacturerName>לא ידוע</ManufacturerName>
      <ManufactureCountry>לא ידוע</ManufactureCountry>
      <ManufacturerItemDescription>חטיף אפרופו 50 גרם  </ManufacturerItemDescription>
      <UnitQty>גרמים</UnitQty>
      <Quantity>50.00</Quantity>
      <bIsWeighted>0</bIsWeighted>
      <UnitOfMeasure>100 גרם</UnitOfMeasure>
      <QtyInPackage>1</QtyInPackage>
      <ItemPrice>7.90</ItemPrice>
      <UnitOfMeasurePrice>15.80</UnitOfMeasurePrice>
      <AllowDiscount>1</AllowDiscount>
      <ItemStatus>1</ItemStatus>
    </Item>
    <Item>
      <PriceUpdateDate>2025-06-06 05:57</PriceUpdateDate>
      <ItemCode>7290000066349</ItemCode>
      <ItemType>1</ItemType>
      <ItemName>חטיף אפרופו 100 גרם</ItemName>
      <ManufacturerName>לא ידוע</ManufacturerName>
      <ManufactureCountry>לא ידוע</ManufactureCountry>
      <ManufacturerItemDescription>חטיף אפרופו 100 גרם </ManufacturerItemDescription>
      <UnitQty>גרמים</UnitQty>
      <Quantity>100.00</Quantity>
      <bIsWeighted>0</bIsWeighted>
      <UnitOfMeasure>100 גרם</UnitOfMeasure>
      <QtyInPackage>1</QtyInPackage>
      <ItemPrice>12.90</ItemPrice>
      <UnitOfMeasurePrice>12.90</UnitOfMeasurePrice>
      <AllowDiscount>1</AllowDiscount>
      <ItemStatus>1</ItemStatus>
    </Item>
    <Item>
      <PriceUpdateDate>2025-06-06 05:55</PriceUpdateDate>
      <ItemCode>7290000066431</ItemCode>
      <ItemType>1</ItemType>
      <ItemName>פופקו חטיף תירס בטעם חמאה ודבש 80 גרם</ItemName>
      <ManufacturerName>לא ידוע</ManufacturerName>
      <ManufactureCountry>לא ידוע</ManufactureCountry>
      <ManufacturerItemDescription>פופקו חטיף תירס בטעם</ManufacturerItemDescription>
      <UnitQty>גרמים</UnitQty>
      <Quantity>80.00</Quantity>
      <bIsWeighted>0</bIsWeighted>
      <UnitOfMeasure>100 גרם</UnitOfMeasure>
      <QtyInPackage>1</QtyInPackage>
      <ItemPrice>7.50</ItemPrice>
      <UnitOfMeasurePrice>9.38</UnitOfMeasurePrice>
      <AllowDiscount>1</AllowDiscount>
      <ItemStatus>1</ItemStatus>
    </Item>
    <Item>
      <PriceUpdateDate>2025-06-06 05:55</PriceUpdateDate>
      <ItemCode>7290000067544</ItemCode>
      <ItemType>1</ItemType>
      <ItemName>פירורית זהב 200 גרם</ItemName>
      <ManufacturerName>לא ידוע</ManufacturerName>
      <ManufactureCountry>לא ידוע</ManufactureCountry>
      <ManufacturerItemDescription>פירורית זהב 200 גרם </ManufacturerItemDescription>
      <UnitQty>גרמים</UnitQty>
      <Quantity>200.00</Quantity>
      <bIsWeighted>0</bIsWeighted>
      <UnitOfMeasure>100 גרם</UnitOfMeasure>
      <QtyInPackage>1</QtyInPackage>
      <ItemPrice>8.90</ItemPrice>
      <UnitOfMeasurePrice>4.45</UnitOfMeasurePrice>
      <AllowDiscount>1</AllowDiscount>
      <ItemStatus>1</ItemStatus>
    </Item>
    <Item>
      <PriceUpdateDate>2023-01-05 10:19</PriceUpdateDate>
      <ItemCode>7290000068138</ItemCode>
      <ItemType>1</ItemType>
      <ItemName>פודינג אינסטנט בטעם וניל</ItemName>
      <ManufacturerName>לא ידוע</ManufacturerName>
      <ManufactureCountry>לא ידוע</ManufactureCountry>
      <ManufacturerItemDescription>פודינג אינסטנט בטעם </ManufacturerItemDescription>
      <UnitQty>גרמים</UnitQty>
      <Quantity>80.00</Quantity>
      <bIsWeighted>0</bIsWeighted>
      <UnitOfMeasure>100 גרם</UnitOfMeasure>
      <QtyInPackage>1</QtyInPackage>
      <ItemPrice>6.30</ItemPrice>
      <UnitOfMeasurePrice>7.88</UnitOfMeasurePrice>
      <AllowDiscount>1</AllowDiscount>
      <ItemStatus>1</ItemStatus>
    </Item>
    <Item>
      <PriceUpdateDate>2025-03-03 06:49</PriceUpdateDate>
      <ItemCode>7290000068190</ItemCode>
      <ItemType>1</ItemType>
      <ItemName>גלי בזק בטעם תות שדה</ItemName>
      <ManufacturerName>לא ידוע</ManufacturerName>
      <ManufactureCountry>לא ידוע</ManufactureCountry>
      <ManufacturerItemDescription>גלי בזק בטעם תות שדה</ManufacturerItemDescription>
      <UnitQty>גרמים</UnitQty>
      <Quantity>85.00</Quantity>
      <bIsWeighted>0</bIsWeighted>
      <UnitOfMeasure>100 גרם</UnitOfMeasure>
      <QtyInPackage>1</QtyInPackage>
      <ItemPrice>8.30</ItemPrice>
      <UnitOfMeasurePrice>9.76</UnitOfMeasurePrice>
      <AllowDiscount>1</AllowDiscount>
      <ItemStatus>1</ItemStatus>
    </Item>
    <Item>
      <PriceUpdateDate>2025-01-23 07:40</PriceUpdateDate>
      <ItemCode>7290000068343</ItemCode>
      <ItemType>1</ItemType>
      <ItemName>פריכונים מאורז מלא 140 גרם</ItemName>
      <ManufacturerName>לא ידוע</ManufacturerName>
      <ManufactureCountry>לא ידוע</ManufactureCountry>
      <ManufacturerItemDescription>פריכונים מאורז מלא 1</ManufacturerItemDescription>
      <UnitQty>גרמים</UnitQty>
      <Quantity>140.00</Quantity>
      <bIsWeighted>0</bIsWeighted>
      <UnitOfMeasure>100 גרם</UnitOfMeasure>
      <QtyInPackage>1</QtyInPackage>
      <ItemPrice>11.90</ItemPrice>
      <UnitOfMeasurePrice>8.50</UnitOfMeasurePrice>
      <AllowDiscount>1</AllowDiscount>
      <ItemStatus>1</ItemStatus>
    </Item>
    <Item>
      <PriceUpdateDate>2025-06-06 05:55</PriceUpdateDate>
      <ItemCode>7290000068770</ItemCode>
      <ItemType>1</ItemType>
      <ItemName>במבה יום הולדת 80 גרם</ItemName>
      <ManufacturerName>לא ידוע</ManufacturerName>
      <ManufactureCountry>לא ידוע</ManufactureCountry>
      <ManufacturerItemDescription>במבה יום הולדת 80 גר</ManufacturerItemDescription>
      <UnitQty>גרמים</UnitQty>
      <Quantity>80.00</Quantity>
      <bIsWeighted>0</bIsWeighted>
      <UnitOfMeasure>100 גרם</UnitOfMeasure>
      <QtyInPackage>1</QtyInPackage>
      <ItemPrice>6.40</ItemPrice>
      <UnitOfMeasurePrice>8.00</UnitOfMeasurePrice>
      <AllowDiscount>1</AllowDiscount>
      <ItemStatus>1</ItemStatus>
    </Item>
    <Item>
      <PriceUpdateDate>2025-01-23 07:40</PriceUpdateDate>
      <ItemCode>7290000069364</ItemCode>
      <ItemType>1</ItemType>
      <ItemName>פריכונים מאורז מלא ללא מלח וסוכר 140 גר</ItemName>
      <ManufacturerName>לא ידוע</ManufacturerName>
      <ManufactureCountry>לא ידוע</ManufactureCountry>
      <ManufacturerItemDescription>פריכונים מאורז מלא ל</ManufacturerItemDescription>
      <UnitQty>גרמים</UnitQty>
      <Quantity>140.00</Quantity>
      <bIsWeighted>0</bIsWeighted>
      <UnitOfMeasure>100 גרם</UnitOfMeasure>
      <QtyInPackage>1</QtyInPackage>
      <ItemPrice>11.90</ItemPrice>
      <UnitOfMeasurePrice>8.50</UnitOfMeasurePrice>
      <AllowDiscount>1</AllowDiscount>
      <ItemStatus>1</ItemStatus>
    </Item>
    <Item>
      <PriceUpdateDate>2025-02-24 11:02</PriceUpdateDate>
      <ItemCode>7290000069715</ItemCode>
      <ItemType>1</ItemType>
      <ItemName>חטיפי קרקר מלוח 300 גרם</ItemName>
      <ManufacturerName>לא ידוע</ManufacturerName>
      <ManufactureCountry>לא ידוע</ManufactureCountry>
      <ManufacturerItemDescription>חטיפי קרקר מלוח 300 </ManufacturerItemDescription>
      <UnitQty>גרמים</UnitQty>
      <Quantity>300.00</Quantity>
      <bIsWeighted>0</bIsWeighted>
      <UnitOfMeasure>100 גרם</UnitOfMeasure>
      <QtyInPackage>1</QtyInPackage>
      <ItemPrice>17.90</ItemPrice>
      <UnitOfMeasurePrice>5.97</UnitOfMeasurePrice>
      <AllowDiscount>1</AllowDiscount>
      <ItemStatus>1</ItemStatus>
    </Item>
    <Item>
      <PriceUpdateDate>2025-06-06 05:55</PriceUpdateDate>
      <ItemCode>7290000070308</ItemCode>
      <ItemType>1</ItemType>
      <ItemName>אבקת מרק  עוף אמיתי 400 גרם-מיכל</ItemName>
      <ManufacturerName>לא ידוע</ManufacturerName>
      <ManufactureCountry>לא ידוע</ManufactureCountry>
      <ManufacturerItemDescription>אבקת מרק עוף אמיתי  </ManufacturerItemDescription>
      <UnitQty>גרמים</UnitQty>
      <Quantity>400.00</Quantity>
      <bIsWeighted>0</bIsWeighted>
      <UnitOfMeasure>100 גרם</UnitOfMeasure>
      <QtyInPackage>1</QtyInPackage>
      <ItemPrice>27.90</ItemPrice>
      <UnitOfMeasurePrice>6.98</UnitOfMeasurePrice>
      <AllowDiscount>1</AllowDiscount>
      <ItemStatus>1</ItemStatus>
    </Item>
    <Item>
      <PriceUpdateDate>2025-06-06 05:56</PriceUpdateDate>
      <ItemCode>7290000070322</ItemCode>
      <ItemType>1</ItemType>
      <ItemName>אבקת מרק פטריות 400 גרם-מיכל</ItemName>
      <ManufacturerName>לא ידוע</ManufacturerName>
      <ManufactureCountry>לא ידוע</ManufactureCountry>
      <ManufacturerItemDescription>אבקת מרק פטריות 400 </ManufacturerItemDescription>
      <UnitQty>גרמים</UnitQty>
      <Quantity>400.00</Quantity>
      <bIsWeighted>0</bIsWeighted>
      <UnitOfMeasure>100 גרם</UnitOfMeasure>
      <QtyInPackage>1</QtyInPackage>
      <ItemPrice>38.90</ItemPrice>
      <UnitOfMeasurePrice>9.73</UnitOfMeasurePrice>
      <AllowDiscount>1</AllowDiscount>
      <ItemStatus>1</ItemStatus>
    </Item>
    <Item>
      <PriceUpdateDate>2025-06-06 05:55</PriceUpdateDate>
      <ItemCode>7290000071008</ItemCode>
      <ItemType>1</ItemType>
      <ItemName>בייגלה שטוחים עם מלח 60 גרם</ItemName>
      <ManufacturerName>לא ידוע</ManufacturerName>
      <ManufactureCountry>לא ידוע</ManufactureCountry>
      <ManufacturerItemDescription>בייגלה שטוחים עם מלח</ManufacturerItemDescription>
      <UnitQty>גרמים</UnitQty>
      <Quantity>60.00</Quantity>
      <bIsWeighted>0</bIsWeighted>
      <UnitOfMeasure>100 גרם</UnitOfMeasure>
      <QtyInPackage>1</QtyInPackage>
      <ItemPrice>4.50</ItemPrice>
      <UnitOfMeasurePrice>7.50</UnitOfMeasurePrice>
      <AllowDiscount>1</AllowDiscount>
      <ItemStatus>1</ItemStatus>
    </Item>
    <Item>
      <PriceUpdateDate>2025-06-06 05:57</PriceUpdateDate>
      <ItemCode>7290000072067</ItemCode>
      <ItemType>1</ItemType>
      <ItemName>במבה במילוי חלווה 60 גרם</ItemName>
      <ManufacturerName>לא ידוע</ManufacturerName>
      <ManufactureCountry>לא ידוע</ManufactureCountry>
      <ManufacturerItemDescription>במבה במילוי חלווה 60</ManufacturerItemDescription>
      <UnitQty>גרמים</UnitQty>
      <Quantity>60.00</Quantity>
      <bIsWeighted>0</bIsWeighted>
      <UnitOfMeasure>100 גרם</UnitOfMeasure>
      <QtyInPackage>1</QtyInPackage>
      <ItemPrice>6.40</ItemPrice>
      <UnitOfMeasurePrice>10.67</UnitOfMeasurePrice>
      <AllowDiscount>1</AllowDiscount>
      <ItemStatus>1</ItemStatus>
    </Item>
    <Item>
      <PriceUpdateDate>2025-01-23 07:40</PriceUpdateDate>
      <ItemCode>7290000072623</ItemCode>
      <ItemType>1</ItemType>
      <ItemName>קטשופ אסם בקבוק לחיץ 750 גרם</ItemName>
      <ManufacturerName>לא ידוע</ManufacturerName>
      <ManufactureCountry>לא ידוע</ManufactureCountry>
      <ManufacturerItemDescription>קטשופ אסם בקבוק לחיץ</ManufacturerItemDescription>
      <UnitQty>גרמים</UnitQty>
      <Quantity>750.00</Quantity>
      <bIsWeighted>0</bIsWeighted>
      <UnitOfMeasure>100 גרם</UnitOfMeasure>
      <QtyInPackage>1</QtyInPackage>
      <ItemPrice>16.90</ItemPrice>
      <UnitOfMeasurePrice>2.25</UnitOfMeasurePrice>
      <AllowDiscount>1</AllowDiscount>
      <ItemStatus>1</ItemStatus>
    </Item>
    <Item>
      <PriceUpdateDate>2025-06-06 05:55</PriceUpdateDate>
      <ItemCode>7290000072753</ItemCode>
      <ItemType>1</ItemType>
      <ItemName>נסקפה טייסטרס צויס 200 גר</ItemName>
      <ManufacturerName>לא ידוע</ManufacturerName>
      <ManufactureCountry>לא ידוע</ManufactureCountry>
      <ManufacturerItemDescription>נסקפה טייסטרס צויס  </ManufacturerItemDescription>
      <UnitQty>גרמים</UnitQty>
      <Quantity>200.00</Quantity>
      <bIsWeighted>0</bIsWeighted>
      <UnitOfMeasure>100 גרם</UnitOfMeasure>
      <QtyInPackage>1</QtyInPackage>
      <ItemPrice>43.90</ItemPrice>
      <UnitOfMeasurePrice>21.95</UnitOfMeasurePrice>
      <AllowDiscount>1</AllowDiscount>
      <ItemStatus>1</ItemStatus>
    </Item>
    <Item>
      <PriceUpdateDate>2025-06-06 05:57</PriceUpdateDate>
      <ItemCode>7290000072760</ItemCode>
      <ItemType>1</ItemType>
      <ItemName>נסקפה טייסטרס צויס 100 גר אוריגנל</ItemName>
      <ManufacturerName>לא ידוע</ManufacturerName>
      <ManufactureCountry>לא ידוע</ManufactureCountry>
      <ManufacturerItemDescription>נסקפה טייסטרס צויס  </ManufacturerItemDescription>
      <UnitQty>גרמים</UnitQty>
      <Quantity>100.00</Quantity>
      <bIsWeighted>0</bIsWeighted>
      <UnitOfMeasure>100 גרם</UnitOfMeasure>
      <QtyInPackage>1</QtyInPackage>
      <ItemPrice>38.90</ItemPrice>
      <UnitOfMeasurePrice>38.90</UnitOfMeasurePrice>
      <AllowDiscount>1</AllowDiscount>
      <ItemStatus>1</ItemStatus>
    </Item>
    <Item>
      <PriceUpdateDate>2025-06-06 05:55</PriceUpdateDate>
      <ItemCode>7290000072777</ItemCode>
      <ItemType>1</ItemType>
      <ItemName>נסקפה טייסטרס צויס 200 גרם נטול</ItemName>
      <ManufacturerName>לא ידוע</ManufacturerName>
      <ManufactureCountry>לא ידוע</ManufactureCountry>
      <ManufacturerItemDescription>נסקפה טייסטרס צויס  </ManufacturerItemDescription>
      <UnitQty>גרמים</UnitQty>
      <Quantity>200.00</Quantity>
      <bIsWeighted>0</bIsWeighted>
      <UnitOfMeasure>100 גרם</UnitOfMeasure>
      <QtyInPackage>1</QtyInPackage>
      <ItemPrice>56.90</ItemPrice>
      <UnitOfMeasurePrice>28.45</UnitOfMeasurePrice>
      <AllowDiscount>1</AllowDiscount>
      <ItemStatus>1</ItemStatus>
    </Item>
    <Item>
      <PriceUpdateDate>2025-09-26 09:29</PriceUpdateDate>
      <ItemCode>7290000072784</ItemCode>
      <ItemType>1</ItemType>
      <ItemName>נסקפה טייסטרס צויס 100 ג.נטול</ItemName>
      <ManufacturerName>לא ידוע</ManufacturerName>
      <ManufactureCountry>לא ידוע</ManufactureCountry>
      <ManufacturerItemDescription>נסקפה טייסטרס צויס  </ManufacturerItemDescription>
      <UnitQty>גרמים</UnitQty>
      <Quantity>100.00</Quantity>
      <bIsWeighted>0</bIsWeighted>
      <UnitOfMeasure>100 גרם</UnitOfMeasure>
      <QtyInPackage>1</QtyInPackage>
      <ItemPrice>37.90</ItemPrice>
      <UnitOfMeasurePrice>37.90</UnitOfMeasurePrice>
      <AllowDiscount>1</AllowDiscount>
      <ItemStatus>1</ItemStatus>
    </Item>
    <Item>
      <PriceUpdateDate>2025-08-13 14:50</PriceUpdateDate>
      <ItemCode>7290000072968</ItemCode>
      <ItemType>1</ItemType>
      <ItemName>דגנים סיני מיניס מלחמת הכוכבים  500 גרם</ItemName>
      <ManufacturerName>לא ידוע</ManufacturerName>
      <ManufactureCountry>לא ידוע</ManufactureCountry>
      <ManufacturerItemDescription>דגנים סיני מיניס מלח</ManufacturerItemDescription>
      <UnitQty>גרמים</UnitQty>
      <Quantity>375.00</Quantity>
      <bIsWeighted>0</bIsWeighted>
      <UnitOfMeasure>100 גרם</UnitOfMeasure>
      <QtyInPackage>1</QtyInPackage>
      <ItemPrice>29.90</ItemPrice>
      <UnitOfMeasurePrice>7.97</UnitOfMeasurePrice>
      <AllowDiscount>1</AllowDiscount>
      <ItemStatus>1</ItemStatus>
    </Item>
    <Item>
      <PriceUpdateDate>2025-06-06 05:56</PriceUpdateDate>
      <ItemCode>7290000073415</ItemCode>
      <ItemType>1</ItemType>
      <ItemName>מנה חמה פסטה ברוטב פיצה 61 גרם</ItemName>
      <ManufacturerName>לא ידוע</ManufacturerName>
      <ManufactureCountry>לא ידוע</ManufactureCountry>
      <ManufacturerItemDescription>מנה חמה פסטה ברוטב פ</ManufacturerItemDescription>
      <UnitQty>גרמים</UnitQty>
      <Quantity>61.00</Quantity>
      <bIsWeighted>0</bIsWeighted>
      <UnitOfMeasure>100 גרם</UnitOfMeasure>
      <QtyInPackage>1</QtyInPackage>
      <ItemPrice>9.90</ItemPrice>
      <UnitOfMeasurePrice>16.23</UnitOfMeasurePrice>
      <AllowDiscount>1</AllowDiscount>
      <ItemStatus>1</ItemStatus>
    </Item>
    <Item>
      <PriceUpdateDate>2025-06-06 05:57</PriceUpdateDate>
      <ItemCode>7290000073750</ItemCode>
      <ItemType>1</ItemType>
      <ItemName>מנה חמה נודלס אטר+ירקות טעם עוף 70 גרם</ItemName>
      <ManufacturerName>לא ידוע</ManufacturerName>
      <ManufactureCountry>לא ידוע</ManufactureCountry>
      <ManufacturerItemDescription>מנה חמה נודלס אטר+יר</ManufacturerItemDescription>
      <UnitQty>גרמים</UnitQty>
      <Quantity>70.00</Quantity>
      <bIsWeighted>0</bIsWeighted>
      <UnitOfMeasure>100 גרם</UnitOfMeasure>
      <QtyInPackage>1</QtyInPackage>
      <ItemPrice>9.50</ItemPrice>
      <UnitOfMeasurePrice>13.57</UnitOfMeasurePrice>
      <AllowDiscount>1</AllowDiscount>
      <ItemStatus>1</ItemStatus>
    </Item>
    <Item>
      <PriceUpdateDate>2025-06-06 05:55</PriceUpdateDate>
      <ItemCode>7290000073767</ItemCode>
      <ItemType>1</ItemType>
      <ItemName>מנה חמה נודלס אטר.+ירקות טעם בקר 70 גרם</ItemName>
      <ManufacturerName>לא ידוע</ManufacturerName>
      <ManufactureCountry>לא ידוע</ManufactureCountry>
      <ManufacturerItemDescription>מנה חמה נודלס אטר.+י</ManufacturerItemDescription>
      <UnitQty>גרמים</UnitQty>
      <Quantity>70.00</Quantity>
      <bIsWeighted>0</bIsWeighted>
      <UnitOfMeasure>100 גרם</UnitOfMeasure>
      <QtyInPackage>1</QtyInPackage>
      <ItemPrice>9.50</ItemPrice>
      <UnitOfMeasurePrice>13.57</UnitOfMeasurePrice>
      <AllowDiscount>1</AllowDiscount>
      <ItemStatus>1</ItemStatus>
    </Item>
    <Item>
      <PriceUpdateDate>2025-01-23 07:40</PriceUpdateDate>
      <ItemCode>7290000074153</ItemCode>
      <ItemType>1</ItemType>
      <ItemName>פתי בר שוקו 500 גרם</ItemName>
      <ManufacturerName>לא ידוע</ManufacturerName>
      <ManufactureCountry>לא ידוע</ManufactureCountry>
      <ManufacturerItemDescription>פתי בר שוקו 500 גרם </ManufacturerItemDescription>
      <UnitQty>גרמים</UnitQty>
      <Quantity>500.00</Quantity>
      <bIsWeighted>0</bIsWeighted>
      <UnitOfMeasure>100 גרם</UnitOfMeasure>
      <QtyInPackage>1</QtyInPackage>
      <ItemPrice>19.90</ItemPrice>
      <UnitOfMeasurePrice>3.98</UnitOfMeasurePrice>
      <AllowDiscount>1</AllowDiscount>
      <ItemStatus>1</ItemStatus>
    </Item>
    <Item>
      <PriceUpdateDate>2025-01-23 07:40</PriceUpdateDate>
      <ItemCode>7290000074184</ItemCode>
      <ItemType>1</ItemType>
      <ItemName>פתי בר וניל 500 גרם</ItemName>
      <ManufacturerName>לא ידוע</ManufacturerName>
      <ManufactureCountry>לא ידוע</ManufactureCountry>
      <ManufacturerItemDescription>פתי בר וניל 500 גרם </ManufacturerItemDescription>
      <UnitQty>גרמים</UnitQty>
      <Quantity>500.00</Quantity>
      <bIsWeighted>0</bIsWeighted>
      <UnitOfMeasure>100 גרם</UnitOfMeasure>
      <QtyInPackage>1</QtyInPackage>
      <ItemPrice>15.90</ItemPrice>
      <UnitOfMeasurePrice>3.18</UnitOfMeasurePrice>
      <AllowDiscount>1</AllowDiscount>
      <ItemStatus>1</ItemStatus>
    </Item>
    <Item>
      <PriceUpdateDate>2023-01-05 10:18</PriceUpdateDate>
      <ItemCode>7290000074245</ItemCode>
      <ItemType>1</ItemType>
      <ItemName>קרם קרקר 250 גרם</ItemName>
      <ManufacturerName>לא ידוע</ManufacturerName>
      <ManufactureCountry>לא ידוע</ManufactureCountry>
      <ManufacturerItemDescription>קרם קרקר 250 גרם    </ManufacturerItemDescription>
      <UnitQty>גרמים</UnitQty>
      <Quantity>250.00</Quantity>
      <bIsWeighted>0</bIsWeighted>
      <UnitOfMeasure>100 גרם</UnitOfMeasure>
      <QtyInPackage>1</QtyInPackage>
      <ItemPrice>12.90</ItemPrice>
      <UnitOfMeasurePrice>5.16</UnitOfMeasurePrice>
      <AllowDiscount>1</AllowDiscount>
      <ItemStatus>1</ItemStatus>
    </Item>
    <Item>
      <PriceUpdateDate>2023-01-05 10:19</PriceUpdateDate>
      <ItemCode>7290000074252</ItemCode>
      <ItemType>1</ItemType>
      <ItemName>קרקר שומשום 250 גרם</ItemName>
      <ManufacturerName>לא ידוע</ManufacturerName>
      <ManufactureCountry>לא ידוע</ManufactureCountry>
      <ManufacturerItemDescription>קרקר שומשום 250 גרם </ManufacturerItemDescription>
      <UnitQty>גרמים</UnitQty>
      <Quantity>250.00</Quantity>
      <bIsWeighted>0</bIsWeighted>
      <UnitOfMeasure>100 גרם</UnitOfMeasure>
      <QtyInPackage>1</QtyInPackage>
      <ItemPrice>12.90</ItemPrice>
      <UnitOfMeasurePrice>5.16</UnitOfMeasurePrice>
      <AllowDiscount>1</AllowDiscount>
      <ItemStatus>1</ItemStatus>
    </Item>
    <Item>
      <PriceUpdateDate>2023-01-05 10:19</PriceUpdateDate>
      <ItemCode>7290000074375</ItemCode>
      <ItemType>1</ItemType>
      <ItemName>קרקר זהב 150 גרם</ItemName>
      <ManufacturerName>לא ידוע</ManufacturerName>
      <ManufactureCountry>לא ידוע</ManufactureCountry>
      <ManufacturerItemDescription>קרקר זהב 150 גרם    </ManufacturerItemDescription>
      <UnitQty>גרמים</UnitQty>
      <Quantity>150.00</Quantity>
      <bIsWeighted>0</bIsWeighted>
      <UnitOfMeasure>100 גרם</UnitOfMeasure>
      <QtyInPackage>1</QtyInPackage>
      <ItemPrice>9.50</ItemPrice>
      <UnitOfMeasurePrice>6.33</UnitOfMeasurePrice>
      <AllowDiscount>1</AllowDiscount>
      <ItemStatus>1</ItemStatus>
    </Item>
    <Item>
      <PriceUpdateDate>2024-07-14 17:21</PriceUpdateDate>
      <ItemCode>7290000075204</ItemCode>
      <ItemType>1</ItemType>
      <ItemName>לחמית חיטה מלאה 250 גרם</ItemName>
      <ManufacturerName>לא ידוע</ManufacturerName>
      <ManufactureCountry>לא ידוע</ManufactureCountry>
      <ManufacturerItemDescription>לחמית חיטה מלאה 250 </ManufacturerItemDescription>
      <UnitQty>גרמים</UnitQty>
      <Quantity>250.00</Quantity>
      <bIsWeighted>0</bIsWeighted>
      <UnitOfMeasure>100 גרם</UnitOfMeasure>
      <QtyInPackage>1</QtyInPackage>
      <ItemPrice>12.90</ItemPrice>
      <UnitOfMeasurePrice>5.16</UnitOfMeasurePrice>
      <AllowDiscount>1</AllowDiscount>
      <ItemStatus>1</ItemStatus>
    </Item>
    <Item>
      <PriceUpdateDate>2025-06-06 05:56</PriceUpdateDate>
      <ItemCode>7290000076126</ItemCode>
      <ItemType>1</ItemType>
      <ItemName>בייגלה שמיניות קטנות 80 גרם</ItemName>
      <ManufacturerName>לא ידוע</ManufacturerName>
      <ManufactureCountry>לא ידוע</ManufactureCountry>
      <ManufacturerItemDescription>בייגלה שמיניות קטנות</ManufacturerItemDescription>
      <UnitQty>גרמים</UnitQty>
      <Quantity>80.00</Quantity>
      <bIsWeighted>0</bIsWeighted>
      <UnitOfMeasure>100 גרם</UnitOfMeasure>
      <QtyInPackage>1</QtyInPackage>
      <ItemPrice>4.50</ItemPrice>
      <UnitOfMeasurePrice>5.63</UnitOfMeasurePrice>
      <AllowDiscount>1</AllowDiscount>
      <ItemStatus>1</ItemStatus>
    </Item>
    <Item>
      <PriceUpdateDate>2025-06-06 05:55</PriceUpdateDate>
      <ItemCode>7290000076133</ItemCode>
      <ItemType>1</ItemType>
      <ItemName>בייגלה שמיניות קטנות 400 גרם</ItemName>
      <ManufacturerName>לא ידוע</ManufacturerName>
      <ManufactureCountry>לא ידוע</ManufactureCountry>
      <ManufacturerItemDescription>בייגלה שמיניות קטנות</ManufacturerItemDescription>
      <UnitQty>גרמים</UnitQty>
      <Quantity>400.00</Quantity>
      <bIsWeighted>0</bIsWeighted>
      <UnitOfMeasure>100 גרם</UnitOfMeasure>
      <QtyInPackage>1</QtyInPackage>
      <ItemPrice>16.90</ItemPrice>
      <UnitOfMeasurePrice>4.23</UnitOfMeasurePrice>
      <AllowDiscount>1</AllowDiscount>
      <ItemStatus>1</ItemStatus>
    </Item>
    <Item>
      <PriceUpdateDate>2024-07-17 08:35</PriceUpdateDate>
      <ItemCode>7290000076645</ItemCode>
      <ItemType>1</ItemType>
      <ItemName>טוסטעים חיטה מלאה 100 גרם</ItemName>
      <ManufacturerName>לא ידוע</ManufacturerName>
      <ManufactureCountry>לא ידוע</ManufactureCountry>
      <ManufacturerItemDescription>טוסטעים חיטה מלאה 10</ManufacturerItemDescription>
      <UnitQty>גרמים</UnitQty>
      <Quantity>100.00</Quantity>
      <bIsWeighted>0</bIsWeighted>
      <UnitOfMeasure>100 גרם</UnitOfMeasure>
      <QtyInPackage>1</QtyInPackage>
      <ItemPrice>13.90</ItemPrice>
      <UnitOfMeasurePrice>13.90</UnitOfMeasurePrice>
      <AllowDiscount>1</AllowDiscount>
      <ItemStatus>1</ItemStatus>
    </Item>
    <Item>
      <PriceUpdateDate>2024-07-14 17:22</PriceUpdateDate>
      <ItemCode>7290000077253</ItemCode>
      <ItemType>1</ItemType>
      <ItemName>לחמית כפרית 190 גרם</ItemName>
      <ManufacturerName>לא ידוע</ManufacturerName>
      <ManufactureCountry>לא ידוע</ManufactureCountry>
      <ManufacturerItemDescription>לחמית כפרית 190 גרם </ManufacturerItemDescription>
      <UnitQty>גרמים</UnitQty>
      <Quantity>190.00</Quantity>
      <bIsWeighted>0</bIsWeighted>
      <UnitOfMeasure>100 גרם</UnitOfMeasure>
      <QtyInPackage>1</QtyInPackage>
      <ItemPrice>13.90</ItemPrice>
      <UnitOfMeasurePrice>7.32</UnitOfMeasurePrice>
      <AllowDiscount>1</AllowDiscount>
      <ItemStatus>1</ItemStatus>
    </Item>
    <Item>
      <PriceUpdateDate>2025-03-11 15:19</PriceUpdateDate>
      <ItemCode>7290000078212</ItemCode>
      <ItemType>1</ItemType>
      <ItemName>קרוטונים מתובלים 250 גרם</ItemName>
      <ManufacturerName>לא ידוע</ManufacturerName>
      <ManufactureCountry>לא ידוע</ManufactureCountry>
      <ManufacturerItemDescription>קרוטונים מתובלים 250</ManufacturerItemDescription>
      <UnitQty>גרמים</UnitQty>
      <Quantity>250.00</Quantity>
      <bIsWeighted>0</bIsWeighted>
      <UnitOfMeasure>100 גרם</UnitOfMeasure>
      <QtyInPackage>1</QtyInPackage>
      <ItemPrice>19.90</ItemPrice>
      <UnitOfMeasurePrice>7.96</UnitOfMeasurePrice>
      <AllowDiscount>1</AllowDiscount>
      <ItemStatus>1</ItemStatus>
    </Item>
    <Item>
      <PriceUpdateDate>2025-01-23 07:40</PriceUpdateDate>
      <ItemCode>7290000078762</ItemCode>
      <ItemType>1</ItemType>
      <ItemName>פריכונים מאורז מלא בטעם דבש 80 גרם</ItemName>
      <ManufacturerName>לא ידוע</ManufacturerName>
      <ManufactureCountry>לא ידוע</ManufactureCountry>
      <ManufacturerItemDescription>פריכונים מאורז מלא ב</ManufacturerItemDescription>
      <UnitQty>גרמים</UnitQty>
      <Quantity>80.00</Quantity>
      <bIsWeighted>0</bIsWeighted>
      <UnitOfMeasure>100 גרם</UnitOfMeasure>
      <QtyInPackage>1</QtyInPackage>
      <ItemPrice>10.90</ItemPrice>
      <UnitOfMeasurePrice>13.63</UnitOfMeasurePrice>
      <AllowDiscount>1</AllowDiscount>
      <ItemStatus>1</ItemStatus>
    </Item>
    <Item>
      <PriceUpdateDate>2024-07-04 17:01</PriceUpdateDate>
      <ItemCode>7290000080758</ItemCode>
      <ItemType>1</ItemType>
      <ItemName>טוסטעים פת קלויה 100 גרם</ItemName>
      <ManufacturerName>לא ידוע</ManufacturerName>
      <ManufactureCountry>לא ידוע</ManufactureCountry>
      <ManufacturerItemDescription>טוסטעים פת קלויה 100</ManufacturerItemDescription>
      <UnitQty>גרמים</UnitQty>
      <Quantity>100.00</Quantity>
      <bIsWeighted>0</bIsWeighted>
      <UnitOfMeasure>100 גרם</UnitOfMeasure>
      <QtyInPackage>1</QtyInPackage>
      <ItemPrice>13.90</ItemPrice>
      <UnitOfMeasurePrice>13.90</UnitOfMeasurePrice>
      <AllowDiscount>1</AllowDiscount>
      <ItemStatus>1</ItemStatus>
    </Item>
    <Item>
      <PriceUpdateDate>2024-06-27 13:46</PriceUpdateDate>
      <ItemCode>7290000080765</ItemCode>
      <ItemType>1</ItemType>
      <ItemName>טוסטעים פת קלויה שומשום 100 גרם</ItemName>
      <ManufacturerName>לא ידוע</ManufacturerName>
      <ManufactureCountry>לא ידוע</ManufactureCountry>
      <ManufacturerItemDescription>טוסטעים פת קלויה שומ</ManufacturerItemDescription>
      <UnitQty>גרמים</UnitQty>
      <Quantity>100.00</Quantity>
      <bIsWeighted>0</bIsWeighted>
      <UnitOfMeasure>100 גרם</UnitOfMeasure>
      <QtyInPackage>1</QtyInPackage>
      <ItemPrice>13.90</ItemPrice>
      <UnitOfMeasurePrice>13.90</UnitOfMeasurePrice>
      <AllowDiscount>1</AllowDiscount>
      <ItemStatus>1</ItemStatus>
    </Item>
    <Item>
      <PriceUpdateDate>2025-06-06 05:55</PriceUpdateDate>
      <ItemCode>7290000081663</ItemCode>
      <ItemType>1</ItemType>
      <ItemName>בייגלה טבעות עם שומשום 300 גרם</ItemName>
      <ManufacturerName>לא ידוע</ManufacturerName>
      <ManufactureCountry>לא ידוע</ManufactureCountry>
      <ManufacturerItemDescription>בייגלה טבעות עם שומש</ManufacturerItemDescription>
      <UnitQty>גרמים</UnitQty>
      <Quantity>300.00</Quantity>
      <bIsWeighted>0</bIsWeighted>
      <UnitOfMeasure>100 גרם</UnitOfMeasure>
      <QtyInPackage>1</QtyInPackage>
      <ItemPrice>16.90</ItemPrice>
      <UnitOfMeasurePrice>5.63</UnitOfMeasurePrice>
      <AllowDiscount>1</AllowDiscount>
      <ItemStatus>1</ItemStatus>
    </Item>
    <Item>
      <PriceUpdateDate>2025-03-20 09:37</PriceUpdateDate>
      <ItemCode>7290000085180</ItemCode>
      <ItemType>1</ItemType>
      <ItemName>פתי בר וניל 470 גר</ItemName>
      <ManufacturerName>לא ידוע</ManufacturerName>
      <ManufactureCountry>לא ידוע</ManufactureCountry>
      <ManufacturerItemDescription>פתי בר וניל 470 גר  </ManufacturerItemDescription>
      <UnitQty>גרמים</UnitQty>
      <Quantity>470.00</Quantity>
      <bIsWeighted>0</bIsWeighted>
      <UnitOfMeasure>100 גרם</UnitOfMeasure>
      <QtyInPackage>1</QtyInPackage>
      <ItemPrice>13.50</ItemPrice>
      <UnitOfMeasurePrice>2.87</UnitOfMeasurePrice>
      <AllowDiscount>1</AllowDiscount>
      <ItemStatus>1</ItemStatus>
    </Item>
    <Item>
      <PriceUpdateDate>2021-01-20 21:12</PriceUpdateDate>
      <ItemCode>7290000101958</ItemCode>
      <ItemType>1</ItemType>
      <ItemName>מנגו מוקפא סנפרוסט 300 גרם</ItemName>
      <ManufacturerName>לא ידוע</ManufacturerName>
      <ManufactureCountry>לא ידוע</ManufactureCountry>
      <ManufacturerItemDescription>מנגו מוקפא סנפרוסט  </ManufacturerItemDescription>
      <UnitQty>גרמים</UnitQty>
      <Quantity>300.00</Quantity>
      <bIsWeighted>0</bIsWeighted>
      <UnitOfMeasure>100 גרם</UnitOfMeasure>
      <QtyInPackage>1</QtyInPackage>
      <ItemPrice>19.90</ItemPrice>
      <UnitOfMeasurePrice>6.63</UnitOfMeasurePrice>
      <AllowDiscount>1</AllowDiscount>
      <ItemStatus>1</ItemStatus>
    </Item>
    <Item>
      <PriceUpdateDate>2025-10-30 08:35</PriceUpdateDate>
      <ItemCode>7290000103730</ItemCode>
      <ItemType>1</ItemType>
      <ItemName>לקט להקפצה עם פסטה פוזילי סנפרוסט 800 גרם</ItemName>
      <ManufacturerName>לא ידוע</ManufacturerName>
      <ManufactureCountry>לא ידוע</ManufactureCountry>
      <ManufacturerItemDescription>לקט להקפצה עם פסטה פ</ManufacturerItemDescription>
      <UnitQty>גרמים</UnitQty>
      <Quantity>800.00</Quantity>
      <bIsWeighted>0</bIsWeighted>
      <UnitOfMeasure>100 גרם</UnitOfMeasure>
      <QtyInPackage>1</QtyInPackage>
      <ItemPrice>29.90</ItemPrice>
      <UnitOfMeasurePrice>3.74</UnitOfMeasurePrice>
      <AllowDiscount>1</AllowDiscount>
      <ItemStatus>1</ItemStatus>
    </Item>
    <Item>
      <PriceUpdateDate>2024-05-20 11:36</PriceUpdateDate>
      <ItemCode>7290000104201</ItemCode>
      <ItemType>1</ItemType>
      <ItemName>אפונה עדינה 600 גר סנפרוסט</ItemName>
      <ManufacturerName>לא ידוע</ManufacturerName>
      <ManufactureCountry>לא ידוע</ManufactureCountry>
      <ManufacturerItemDescription>אפונה עדינה 600 גר  </ManufacturerItemDescription>
      <UnitQty>גרמים</UnitQty>
      <Quantity>600.00</Quantity>
      <bIsWeighted>0</bIsWeighted>
      <UnitOfMeasure>100 גרם</UnitOfMeasure>
      <QtyInPackage>1</QtyInPackage>
      <ItemPrice>21.90</ItemPrice>
      <UnitOfMeasurePrice>3.65</UnitOfMeasurePrice>
      <AllowDiscount>1</AllowDiscount>
      <ItemStatus>1</ItemStatus>
    </Item>
    <Item>
      <PriceUpdateDate>2025-01-23 07:40</PriceUpdateDate>
      <ItemCode>7290000104683</ItemCode>
      <ItemType>1</ItemType>
      <ItemName>שעועית ירוקה שלמה 800 גר סנפרוסט</ItemName>
      <ManufacturerName>לא ידוע</ManufacturerName>
      <ManufactureCountry>לא ידוע</ManufactureCountry>
      <ManufacturerItemDescription>שעועית ירוקה שלמה   </ManufacturerItemDescription>
      <UnitQty>גרמים</UnitQty>
      <Quantity>800.00</Quantity>
      <bIsWeighted>0</bIsWeighted>
      <UnitOfMeasure>100 גרם</UnitOfMeasure>
      <QtyInPackage>1</QtyInPackage>
      <ItemPrice>25.90</ItemPrice>
      <UnitOfMeasurePrice>3.24</UnitOfMeasurePrice>
      <AllowDiscount>1</AllowDiscount>
      <ItemStatus>1</ItemStatus>
    </Item>
    <Item>
      <PriceUpdateDate>2024-05-20 11:35</PriceUpdateDate>
      <ItemCode>7290000104690</ItemCode>
      <ItemType>1</ItemType>
      <ItemName>תירס גרעינים 800 גרם סנפרוסט</ItemName>
      <ManufacturerName>לא ידוע</ManufacturerName>
      <ManufactureCountry>לא ידוע</ManufactureCountry>
      <ManufacturerItemDescription>תירס גרעינים 800 גרם</ManufacturerItemDescription>
      <UnitQty>גרמים</UnitQty>
      <Quantity>800.00</Quantity>
      <bIsWeighted>0</bIsWeighted>
      <UnitOfMeasure>100 גרם</UnitOfMeasure>
      <QtyInPackage>1</QtyInPackage>
      <ItemPrice>21.90</ItemPrice>
      <UnitOfMeasurePrice>2.74</UnitOfMeasurePrice>
      <AllowDiscount>1</AllowDiscount>
      <ItemStatus>1</ItemStatus>
    </Item>
    <Item>
      <PriceUpdateDate>2025-03-14 17:56</PriceUpdateDate>
      <ItemCode>7290000104720</ItemCode>
      <ItemType>1</ItemType>
      <ItemName>שעועית ירוקה חתוכה 800גר סנפרוסט</ItemName>
      <ManufacturerName>לא ידוע</ManufacturerName>
      <ManufactureCountry>לא ידוע</ManufactureCountry>
      <ManufacturerItemDescription>שעועית ירוקה חתוכה 8</ManufacturerItemDescription>
      <UnitQty>גרמים</UnitQty>
      <Quantity>800.00</Quantity>
      <bIsWeighted>0</bIsWeighted>
      <UnitOfMeasure>100 גרם</UnitOfMeasure>
      <QtyInPackage>1</QtyInPackage>
      <ItemPrice>25.90</ItemPrice>
      <UnitOfMeasurePrice>3.24</UnitOfMeasurePrice>
      <AllowDiscount>1</AllowDiscount>
      <ItemStatus>1</ItemStatus>
    </Item>
    <Item>
      <PriceUpdateDate>2025-03-25 07:08</PriceUpdateDate>
      <ItemCode>7290000104737</ItemCode>
      <ItemType>1</ItemType>
      <ItemName>שעועית צהובה חתוכה סנפרוסט 800גר</ItemName>
      <ManufacturerName>לא ידוע</ManufacturerName>
      <ManufactureCountry>לא ידוע</ManufactureCountry>
      <ManufacturerItemDescription>שעועית צהובה חתוכה  </ManufacturerItemDescription>
      <UnitQty>גרמים</UnitQty>
      <Quantity>800.00</Quantity>
      <bIsWeighted>0</bIsWeighted>
      <UnitOfMeasure>100 גרם</UnitOfMeasure>
      <QtyInPackage>1</QtyInPackage>
      <ItemPrice>25.90</ItemPrice>
      <UnitOfMeasurePrice>3.24</UnitOfMeasurePrice>
      <AllowDiscount>1</AllowDiscount>
      <ItemStatus>1</ItemStatus>
    </Item>
    <Item>
      <PriceUpdateDate>2025-03-25 07:08</PriceUpdateDate>
      <ItemCode>7290000104744</ItemCode>
      <ItemType>1</ItemType>
      <ItemName>כרובית 800 גר סנפרוסט</ItemName>
      <ManufacturerName>לא ידוע</ManufacturerName>
      <ManufactureCountry>לא ידוע</ManufactureCountry>
      <ManufacturerItemDescription>כרובית 800גר סנפרוסט</ManufacturerItemDescription>
      <UnitQty>גרמים</UnitQty>
      <Quantity>800.00</Quantity>
      <bIsWeighted>0</bIsWeighted>
      <UnitOfMeasure>100 גרם</UnitOfMeasure>
      <QtyInPackage>1</QtyInPackage>
      <ItemPrice>29.90</ItemPrice>
      <UnitOfMeasurePrice>3.74</UnitOfMeasurePrice>
      <AllowDiscount>1</AllowDiscount>
      <ItemStatus>1</ItemStatus>
    </Item>
    <Item>
      <PriceUpdateDate>2025-01-23 07:40</PriceUpdateDate>
      <ItemCode>7290000104751</ItemCode>
      <ItemType>1</ItemType>
      <ItemName>כרוב ניצנים 800גר סנפרוסט</ItemName>
      <ManufacturerName>לא ידוע</ManufacturerName>
      <ManufactureCountry>לא ידוע</ManufactureCountry>
      <ManufacturerItemDescription>כרוב ניצנים 800 גר  </ManufacturerItemDescription>
      <UnitQty>גרמים</UnitQty>
      <Quantity>800.00</Quantity>
      <bIsWeighted>0</bIsWeighted>
      <UnitOfMeasure>100 גרם</UnitOfMeasure>
      <QtyInPackage>1</QtyInPackage>
      <ItemPrice>29.90</ItemPrice>
      <UnitOfMeasurePrice>3.74</UnitOfMeasurePrice>
      <AllowDiscount>1</AllowDiscount>
      <ItemStatus>1</ItemStatus>
    </Item>
    <Item>
      <PriceUpdateDate>2024-05-20 11:35</PriceUpdateDate>
      <ItemCode>7290000104799</ItemCode>
      <ItemType>1</ItemType>
      <ItemName>שעועית לבנה 800 גר סנפרוסט</ItemName>
      <ManufacturerName>לא ידוע</ManufacturerName>
      <ManufactureCountry>לא ידוע</ManufactureCountry>
      <ManufacturerItemDescription>שעועית לבנה 800 גרם </ManufacturerItemDescription>
      <UnitQty>גרמים</UnitQty>
      <Quantity>800.00</Quantity>
      <bIsWeighted>0</bIsWeighted>
      <UnitOfMeasure>100 גרם</UnitOfMeasure>
      <QtyInPackage>1</QtyInPackage>
      <ItemPrice>23.90</ItemPrice>
      <UnitOfMeasurePrice>2.99</UnitOfMeasurePrice>
      <AllowDiscount>1</AllowDiscount>
      <ItemStatus>1</ItemStatus>
    </Item>
    <Item>
      <PriceUpdateDate>2024-10-10 18:15</PriceUpdateDate>
      <ItemCode>7290000104805</ItemCode>
      <ItemType>1</ItemType>
      <ItemName>חומוס קפוא סנפרוסט 800 גרם</ItemName>
      <ManufacturerName>לא ידוע</ManufacturerName>
      <ManufactureCountry>לא ידוע</ManufactureCountry>
      <ManufacturerItemDescription>חומוס קפוא סנפרוסט  </ManufacturerItemDescription>
      <UnitQty>גרמים</UnitQty>
      <Quantity>800.00</Quantity>
      <bIsWeighted>0</bIsWeighted>
      <UnitOfMeasure>100 גרם</UnitOfMeasure>
      <QtyInPackage>1</QtyInPackage>
      <ItemPrice>23.90</ItemPrice>
      <UnitOfMeasurePrice>2.99</UnitOfMeasurePrice>
      <AllowDiscount>1</AllowDiscount>
      <ItemStatus>1</ItemStatus>
    </Item>
    <Item>
      <PriceUpdateDate>2024-05-20 11:37</PriceUpdateDate>
      <ItemCode>7290000104836</ItemCode>
      <ItemType>1</ItemType>
      <ItemName>שעועית עדינה שלמה 600 גר סנפרוסט</ItemName>
      <ManufacturerName>לא ידוע</ManufacturerName>
      <ManufactureCountry>לא ידוע</ManufactureCountry>
      <ManufacturerItemDescription>שעועית עדינה שלמה 60</ManufacturerItemDescription>
      <UnitQty>גרמים</UnitQty>
      <Quantity>600.00</Quantity>
      <bIsWeighted>0</bIsWeighted>
      <UnitOfMeasure>100 גרם</UnitOfMeasure>
      <QtyInPackage>1</QtyInPackage>
      <ItemPrice>27.90</ItemPrice>
      <UnitOfMeasurePrice>4.65</UnitOfMeasurePrice>
      <AllowDiscount>1</AllowDiscount>
      <ItemStatus>1</ItemStatus>
    </Item>
    <Item>
      <PriceUpdateDate>2025-01-23 07:40</PriceUpdateDate>
      <ItemCode>7290000104904</ItemCode>
      <ItemType>1</ItemType>
      <ItemName>ירקות מעורבים 800גר-סנפרוסט</ItemName>
      <ManufacturerName>לא ידוע</ManufacturerName>
      <ManufactureCountry>לא ידוע</ManufactureCountry>
      <ManufacturerItemDescription>ירקות מעורבים 800גר-</ManufacturerItemDescription>
      <UnitQty>גרמים</UnitQty>
      <Quantity>800.00</Quantity>
      <bIsWeighted>0</bIsWeighted>
      <UnitOfMeasure>100 גרם</UnitOfMeasure>
      <QtyInPackage>1</QtyInPackage>
      <ItemPrice>27.90</ItemPrice>
      <UnitOfMeasurePrice>3.49</UnitOfMeasurePrice>
      <AllowDiscount>1</AllowDiscount>
      <ItemStatus>1</ItemStatus>
    </Item>
    <Item>
      <PriceUpdateDate>2025-10-30 08:35</PriceUpdateDate>
      <ItemCode>7290000106526</ItemCode>
      <ItemType>1</ItemType>
      <ItemName>חגיגה ירוקה להקפצה סנפרוסט 800 גר</ItemName>
      <ManufacturerName>לא ידוע</ManufacturerName>
      <ManufactureCountry>ישראל</ManufactureCountry>
      <ManufacturerItemDescription>חגיגה ירוקה להקפצה ס</ManufacturerItemDescription>
      <UnitQty>גרמים</UnitQty>
      <Quantity>800.00</Quantity>
      <bIsWeighted>0</bIsWeighted>
      <UnitOfMeasure>100 גרם</UnitOfMeasure>
      <QtyInPackage>1</QtyInPackage>
      <ItemPrice>29.90</ItemPrice>
      <UnitOfMeasurePrice>3.74</UnitOfMeasurePrice>
      <AllowDiscount>1</AllowDiscount>
      <ItemStatus>1</ItemStatus>
    </Item>
    <Item>
      <PriceUpdateDate>2024-05-20 11:35</PriceUpdateDate>
      <ItemCode>7290000107295</ItemCode>
      <ItemType>1</ItemType>
      <ItemName>ברוקולי 800 גרם סנפרוסט</ItemName>
      <ManufacturerName>לא ידוע</ManufacturerName>
      <ManufactureCountry>לא ידוע</ManufactureCountry>
      <ManufacturerItemDescription>ברוקולי 800 גרם סנפר</ManufacturerItemDescription>
      <UnitQty>גרמים</UnitQty>
      <Quantity>800.00</Quantity>
      <bIsWeighted>0</bIsWeighted>
      <UnitOfMeasure>100 גרם</UnitOfMeasure>
      <QtyInPackage>1</QtyInPackage>
      <ItemPrice>30.90</ItemPrice>
      <UnitOfMeasurePrice>3.86</UnitOfMeasurePrice>
      <AllowDiscount>1</AllowDiscount>
      <ItemStatus>1</ItemStatus>
    </Item>
    <Item>
      <PriceUpdateDate>2025-06-06 05:56</PriceUpdateDate>
      <ItemCode>7290000110844</ItemCode>
      <ItemType>1</ItemType>
      <ItemName>כפלי גריל בד"צ 70 גרם</ItemName>
      <ManufacturerName>לא ידוע</ManufacturerName>
      <ManufactureCountry>לא ידוע</ManufactureCountry>
      <ManufacturerItemDescription>כפלי גריל 70 גרם    </ManufacturerItemDescription>
      <UnitQty>גרמים</UnitQty>
      <Quantity>70.00</Quantity>
      <bIsWeighted>0</bIsWeighted>
      <UnitOfMeasure>100 גרם</UnitOfMeasure>
      <QtyInPackage>1</QtyInPackage>
      <ItemPrice>7.90</ItemPrice>
      <UnitOfMeasurePrice>11.29</UnitOfMeasurePrice>
      <AllowDiscount>1</AllowDiscount>
      <ItemStatus>1</ItemStatus>
    </Item>
    <Item>
      <PriceUpdateDate>2025-06-06 05:56</PriceUpdateDate>
      <ItemCode>7290000110851</ItemCode>
      <ItemType>1</ItemType>
      <ItemName>כפלי בצל בד"צ 70 גרם</ItemName>
      <ManufacturerName>לא ידוע</ManufacturerName>
      <ManufactureCountry>לא ידוע</ManufactureCountry>
      <ManufacturerItemDescription>כפלי בצל בד"צ 70 גרם</ManufacturerItemDescription>
      <UnitQty>גרמים</UnitQty>
      <Quantity>70.00</Quantity>
      <bIsWeighted>0</bIsWeighted>
      <UnitOfMeasure>100 גרם</UnitOfMeasure>
      <QtyInPackage>1</QtyInPackage>
      <ItemPrice>7.90</ItemPrice>
      <UnitOfMeasurePrice>11.29</UnitOfMeasurePrice>
      <AllowDiscount>1</AllowDiscount>
      <ItemStatus>1</ItemStatus>
    </Item>
    <Item>
      <PriceUpdateDate>2021-01-20 21:12</PriceUpdateDate>
      <ItemCode>7290000111000</ItemCode>
      <ItemType>1</ItemType>
      <ItemName>שתיה קרה בודד</ItemName>
      <ManufacturerName>לא ידוע</ManufacturerName>
      <ManufactureCountry>לא ידוע</ManufactureCountry>
      <ManufacturerItemDescription>שתיה קרה בודד       </ManufacturerItemDescription>
      <UnitQty>Unknown</UnitQty>
      <Quantity>0.00</Quantity>
      <bIsWeighted>0</bIsWeighted>
      <UnitOfMeasure>Unknown</UnitOfMeasure>
      <QtyInPackage>1</QtyInPackage>
      <ItemPrice>1.00</ItemPrice>
      <UnitOfMeasurePrice>1.00</UnitOfMeasurePrice>
      <AllowDiscount>1</AllowDiscount>
      <ItemStatus>1</ItemStatus>
    </Item>
    <Item>
      <PriceUpdateDate>2025-06-06 05:55</PriceUpdateDate>
      <ItemCode>7290000111186</ItemCode>
      <ItemType>1</ItemType>
      <ItemName>מיונז תלמה 500 גרם-צנצנת</ItemName>
      <ManufacturerName>לא ידוע</ManufacturerName>
      <ManufactureCountry>לא ידוע</ManufactureCountry>
      <ManufacturerItemDescription>מיונז תלמה 500 גרם-צ</ManufacturerItemDescription>
      <UnitQty>גרמים</UnitQty>
      <Quantity>500.00</Quantity>
      <bIsWeighted>0</bIsWeighted>
      <UnitOfMeasure>100 גרם</UnitOfMeasure>
      <QtyInPackage>1</QtyInPackage>
      <ItemPrice>13.90</ItemPrice>
      <UnitOfMeasurePrice>2.78</UnitOfMeasurePrice>
      <AllowDiscount>1</AllowDiscount>
      <ItemStatus>1</ItemStatus>
    </Item>
    <Item>
      <PriceUpdateDate>2025-06-06 05:55</PriceUpdateDate>
      <ItemCode>7290000112619</ItemCode>
      <ItemType>1</ItemType>
      <ItemName>אבקת מרק עוף קנור 400 גרם-צנצנת</ItemName>
      <ManufacturerName>לא ידוע</ManufacturerName>
      <ManufactureCountry>לא ידוע</ManufactureCountry>
      <ManufacturerItemDescription>אבקת מרק עוף קנור   </ManufacturerItemDescription>
      <UnitQty>גרמים</UnitQty>
      <Quantity>400.00</Quantity>
      <bIsWeighted>0</bIsWeighted>
      <UnitOfMeasure>100 גרם</UnitOfMeasure>
      <QtyInPackage>1</QtyInPackage>
      <ItemPrice>29.90</ItemPrice>
      <UnitOfMeasurePrice>7.48</UnitOfMeasurePrice>
      <AllowDiscount>1</AllowDiscount>
      <ItemStatus>1</ItemStatus>
    </Item>
    <Item>
      <PriceUpdateDate>2025-05-21 08:36</PriceUpdateDate>
      <ItemCode>7290000113180</ItemCode>
      <ItemType>1</ItemType>
      <ItemName>כפלי ציפס 50 גרם בד"צ</ItemName>
      <ManufacturerName>לא ידוע</ManufacturerName>
      <ManufactureCountry>לא ידוע</ManufactureCountry>
      <ManufacturerItemDescription>כפלי ציפס 50 גרם    </ManufacturerItemDescription>
      <UnitQty>גרמים</UnitQty>
      <Quantity>75.00</Quantity>
      <bIsWeighted>0</bIsWeighted>
      <UnitOfMeasure>100 גרם</UnitOfMeasure>
      <QtyInPackage>1</QtyInPackage>
      <ItemPrice>7.90</ItemPrice>
      <UnitOfMeasurePrice>10.53</UnitOfMeasurePrice>
      <AllowDiscount>1</AllowDiscount>
      <ItemStatus>1</ItemStatus>
    </Item>
    <Item>
      <PriceUpdateDate>2025-06-06 05:56</PriceUpdateDate>
      <ItemCode>7290000116884</ItemCode>
      <ItemType>1</ItemType>
      <ItemName>רוטב קנור ברביקיו 300 גר</ItemName>
      <ManufacturerName>לא ידוע</ManufacturerName>
      <ManufactureCountry>לא ידוע</ManufactureCountry>
      <ManufacturerItemDescription>רוטב קנור ברביקיו   </ManufacturerItemDescription>
      <UnitQty>גרמים</UnitQty>
      <Quantity>300.00</Quantity>
      <bIsWeighted>0</bIsWeighted>
      <UnitOfMeasure>100 גרם</UnitOfMeasure>
      <QtyInPackage>1</QtyInPackage>
      <ItemPrice>15.90</ItemPrice>
      <UnitOfMeasurePrice>5.30</UnitOfMeasurePrice>
      <AllowDiscount>1</AllowDiscount>
      <ItemStatus>1</ItemStatus>
    </Item>
    <Item>
      <PriceUpdateDate>2025-06-06 05:56</PriceUpdateDate>
      <ItemCode>7290000116921</ItemCode>
      <ItemType>1</ItemType>
      <ItemName>רוטב קנור צילי מתוק 300 מ"ל</ItemName>
      <ManufacturerName>לא ידוע</ManufacturerName>
      <ManufactureCountry>לא ידוע</ManufactureCountry>
      <ManufacturerItemDescription>רוטב קנור צילי מתוק </ManufacturerItemDescription>
      <UnitQty>מיליליטרים</UnitQty>
      <Quantity>300.00</Quantity>
      <bIsWeighted>0</bIsWeighted>
      <UnitOfMeasure>100 מ"ל</UnitOfMeasure>
      <QtyInPackage>1</QtyInPackage>
      <ItemPrice>15.90</ItemPrice>
      <UnitOfMeasurePrice>5.30</UnitOfMeasurePrice>
      <AllowDiscount>1</AllowDiscount>
      <ItemStatus>1</ItemStatus>
    </Item>
    <Item>
      <PriceUpdateDate>2025-06-06 05:55</PriceUpdateDate>
      <ItemCode>7290000116945</ItemCode>
      <ItemType>1</ItemType>
      <ItemName>רוטב קנור סויה 300 מ"ל</ItemName>
      <ManufacturerName>לא ידוע</ManufacturerName>
      <ManufactureCountry>לא ידוע</ManufactureCountry>
      <ManufacturerItemDescription>רוטב קנור סויה 300 מ</ManufacturerItemDescription>
      <UnitQty>מיליליטרים</UnitQty>
      <Quantity>300.00</Quantity>
      <bIsWeighted>0</bIsWeighted>
      <UnitOfMeasure>100 מ"ל</UnitOfMeasure>
      <QtyInPackage>1</QtyInPackage>
      <ItemPrice>20.90</ItemPrice>
      <UnitOfMeasurePrice>6.97</UnitOfMeasurePrice>
      <AllowDiscount>1</AllowDiscount>
      <ItemStatus>1</ItemStatus>
    </Item>
    <Item>
      <PriceUpdateDate>2025-03-11 15:18</PriceUpdateDate>
      <ItemCode>7290000117171</ItemCode>
      <ItemType>1</ItemType>
      <ItemName>מרק טעם עוף דל קלוריות 48 גרם-קופסא</ItemName>
      <ManufacturerName>לא ידוע</ManufacturerName>
      <ManufactureCountry>לא ידוע</ManufactureCountry>
      <ManufacturerItemDescription>מרק טעם עוף דל קלורי</ManufacturerItemDescription>
      <UnitQty>גרמים</UnitQty>
      <Quantity>48.00</Quantity>
      <bIsWeighted>0</bIsWeighted>
      <UnitOfMeasure>100 גרם</UnitOfMeasure>
      <QtyInPackage>1</QtyInPackage>
      <ItemPrice>11.40</ItemPrice>
      <UnitOfMeasurePrice>23.75</UnitOfMeasurePrice>
      <AllowDiscount>1</AllowDiscount>
      <ItemStatus>1</ItemStatus>
    </Item>
    <Item>
      <PriceUpdateDate>2023-05-22 18:47</PriceUpdateDate>
      <ItemCode>7290000117720</ItemCode>
      <ItemType>1</ItemType>
      <ItemName>מרק נמס בכוס פטריות 43 גרם- קנור</ItemName>
      <ManufacturerName>לא ידוע</ManufacturerName>
      <ManufactureCountry>לא ידוע</ManufactureCountry>
      <ManufacturerItemDescription>מרק נמס בכוס פטריות </ManufacturerItemDescription>
      <UnitQty>גרמים</UnitQty>
      <Quantity>43.00</Quantity>
      <bIsWeighted>0</bIsWeighted>
      <UnitOfMeasure>100 גרם</UnitOfMeasure>
      <QtyInPackage>1</QtyInPackage>
      <ItemPrice>8.90</ItemPrice>
      <UnitOfMeasurePrice>20.70</UnitOfMeasurePrice>
      <AllowDiscount>1</AllowDiscount>
      <ItemStatus>1</ItemStatus>
    </Item>
    <Item>
      <PriceUpdateDate>2025-03-11 15:18</PriceUpdateDate>
      <ItemCode>7290000118277</ItemCode>
      <ItemType>1</ItemType>
      <ItemName>קניידלך  130 גרם-קופסא</ItemName>
      <ManufacturerName>לא ידוע</ManufacturerName>
      <ManufactureCountry>לא ידוע</ManufactureCountry>
      <ManufacturerItemDescription>קניידלך  130 גרם-קופ</ManufacturerItemDescription>
      <UnitQty>גרמים</UnitQty>
      <Quantity>130.00</Quantity>
      <bIsWeighted>0</bIsWeighted>
      <UnitOfMeasure>100 גרם</UnitOfMeasure>
      <QtyInPackage>1</QtyInPackage>
      <ItemPrice>16.50</ItemPrice>
      <UnitOfMeasurePrice>12.69</UnitOfMeasurePrice>
      <AllowDiscount>1</AllowDiscount>
      <ItemStatus>1</ItemStatus>
    </Item>
    <Item>
      <PriceUpdateDate>2025-06-06 05:57</PriceUpdateDate>
      <ItemCode>7290000120836</ItemCode>
      <ItemType>1</ItemType>
      <ItemName>מיונז הלמנס 394 גרם</ItemName>
      <ManufacturerName>לא ידוע</ManufacturerName>
      <ManufactureCountry>לא ידוע</ManufactureCountry>
      <ManufacturerItemDescription>מיונז הלמנס 394 גרם </ManufacturerItemDescription>
      <UnitQty>גרמים</UnitQty>
      <Quantity>433.00</Quantity>
      <bIsWeighted>0</bIsWeighted>
      <UnitOfMeasure>100 גרם</UnitOfMeasure>
      <QtyInPackage>1</QtyInPackage>
      <ItemPrice>16.50</ItemPrice>
      <UnitOfMeasurePrice>3.81</UnitOfMeasurePrice>
      <AllowDiscount>1</AllowDiscount>
      <ItemStatus>1</ItemStatus>
    </Item>
    <Item>
      <PriceUpdateDate>2025-06-06 05:55</PriceUpdateDate>
      <ItemCode>7290000120874</ItemCode>
      <ItemType>1</ItemType>
      <ItemName>מיונז הלמנס לייט 424 גרם</ItemName>
      <ManufacturerName>לא ידוע</ManufacturerName>
      <ManufactureCountry>לא ידוע</ManufactureCountry>
      <ManufacturerItemDescription>מיונז הלמנס לייט 424</ManufacturerItemDescription>
      <UnitQty>גרמים</UnitQty>
      <Quantity>476.00</Quantity>
      <bIsWeighted>0</bIsWeighted>
      <UnitOfMeasure>100 גרם</UnitOfMeasure>
      <QtyInPackage>1</QtyInPackage>
      <ItemPrice>16.50</ItemPrice>
      <UnitOfMeasurePrice>3.47</UnitOfMeasurePrice>
      <AllowDiscount>1</AllowDiscount>
      <ItemStatus>1</ItemStatus>
    </Item>
    <Item>
      <PriceUpdateDate>2025-03-11 08:29</PriceUpdateDate>
      <ItemCode>7290000121093</ItemCode>
      <ItemType>1</ItemType>
      <ItemName>גבינה מון בלאן שוצרית 120 גרם</ItemName>
      <ManufacturerName>לא ידוע</ManufacturerName>
      <ManufactureCountry>לא ידוע</ManufactureCountry>
      <ManufacturerItemDescription>מון בלאן שוצרית 120 </ManufacturerItemDescription>
      <UnitQty>גרמים</UnitQty>
      <Quantity>120.00</Quantity>
      <bIsWeighted>0</bIsWeighted>
      <UnitOfMeasure>100 גרם</UnitOfMeasure>
      <QtyInPackage>1</QtyInPackage>
      <ItemPrice>16.50</ItemPrice>
      <UnitOfMeasurePrice>13.75</UnitOfMeasurePrice>
      <AllowDiscount>1</AllowDiscount>
      <ItemStatus>1</ItemStatus>
    </Item>
    <Item>
      <PriceUpdateDate>2023-12-26 12:15</PriceUpdateDate>
      <ItemCode>7290000135045</ItemCode>
      <ItemType>1</ItemType>
      <ItemName>XL TEN משקה אנרגיה פתוח ללא סוכר 250 מ"ל</ItemName>
      <ManufacturerName>לא ידוע</ManufacturerName>
      <ManufactureCountry>לא ידוע</ManufactureCountry>
      <ManufacturerItemDescription>XL TEN משקה אנרגיה  </ManufacturerItemDescription>
      <UnitQty>מיליליטרים</UnitQty>
      <Quantity>250.00</Quantity>
      <bIsWeighted>0</bIsWeighted>
      <UnitOfMeasure>100 מ"ל</UnitOfMeasure>
      <QtyInPackage>1</QtyInPackage>
      <ItemPrice>5.00</ItemPrice>
      <UnitOfMeasurePrice>2.00</UnitOfMeasurePrice>
      <AllowDiscount>1</AllowDiscount>
      <ItemStatus>1</ItemStatus>
    </Item>
    <Item>
      <PriceUpdateDate>2023-12-26 12:15</PriceUpdateDate>
      <ItemCode>7290000135052</ItemCode>
      <ItemType>1</ItemType>
      <ItemName>XL TEN משקה אנרגיה מנגו ללא סוכר 250 מ"ל</ItemName>
      <ManufacturerName>לא ידוע</ManufacturerName>
      <ManufactureCountry>לא ידוע</ManufactureCountry>
      <ManufacturerItemDescription>XL TEN משקה אנרגיה מ</ManufacturerItemDescription>
      <UnitQty>מיליליטרים</UnitQty>
      <Quantity>250.00</Quantity>
      <bIsWeighted>0</bIsWeighted>
      <UnitOfMeasure>100 מ"ל</UnitOfMeasure>
      <QtyInPackage>1</QtyInPackage>
      <ItemPrice>5.00</ItemPrice>
      <UnitOfMeasurePrice>2.00</UnitOfMeasurePrice>
      <AllowDiscount>1</AllowDiscount>
      <ItemStatus>1</ItemStatus>
    </Item>
    <Item>
      <PriceUpdateDate>2023-12-26 12:15</PriceUpdateDate>
      <ItemCode>7290000135113</ItemCode>
      <ItemType>1</ItemType>
      <ItemName>פחית XL TEN נענע ליים 250 מ"ל</ItemName>
      <ManufacturerName>לא ידוע</ManufacturerName>
      <ManufactureCountry>לא ידוע</ManufactureCountry>
      <ManufacturerItemDescription>פחית XL TEN נענע ליי</ManufacturerItemDescription>
      <UnitQty>מיליליטרים</UnitQty>
      <Quantity>250.00</Quantity>
      <bIsWeighted>0</bIsWeighted>
      <UnitOfMeasure>100 מ"ל</UnitOfMeasure>
      <QtyInPackage>1</QtyInPackage>
      <ItemPrice>5.00</ItemPrice>
      <UnitOfMeasurePrice>2.00</UnitOfMeasurePrice>
      <AllowDiscount>1</AllowDiscount>
      <ItemStatus>1</ItemStatus>
    </Item>
    <Item>
      <PriceUpdateDate>2025-07-16 23:00</PriceUpdateDate>
      <ItemCode>7290000136554</ItemCode>
      <ItemType>1</ItemType>
      <ItemName>בירה  היינקן  רביעיה 250 מ"ל בקבוק</ItemName>
      <ManufacturerName>לא ידוע</ManufacturerName>
      <ManufactureCountry>IL</ManufactureCountry>
      <ManufacturerItemDescription>בירה היינקן רביעיה 2</ManufacturerItemDescription>
      <UnitQty>מיליליטרים</UnitQty>
      <Quantity>1000.00</Quantity>
      <bIsWeighted>0</bIsWeighted>
      <UnitOfMeasure>100 מ"ל</UnitOfMeasure>
      <QtyInPackage>1</QtyInPackage>
      <ItemPrice>24.90</ItemPrice>
      <UnitOfMeasurePrice>2.49</UnitOfMeasurePrice>
      <AllowDiscount>1</AllowDiscount>
      <ItemStatus>1</ItemStatus>
    </Item>
    <Item>
      <PriceUpdateDate>2024-07-07 16:47</PriceUpdateDate>
      <ItemCode>7290000136646</ItemCode>
      <ItemType>1</ItemType>
      <ItemName>נשר מאלט 1.5 ליטר</ItemName>
      <ManufacturerName>לא ידוע</ManufacturerName>
      <ManufactureCountry>ישראל</ManufactureCountry>
      <ManufacturerItemDescription>נשר מאלט 1.5 ליטר   </ManufacturerItemDescription>
      <UnitQty>ליטרים</UnitQty>
      <Quantity>0.00</Quantity>
      <bIsWeighted>0</bIsWeighted>
      <UnitOfMeasure>ליטר</UnitOfMeasure>
      <QtyInPackage>1</QtyInPackage>
      <ItemPrice>10.50</ItemPrice>
      <UnitOfMeasurePrice>10.50</UnitOfMeasurePrice>
      <AllowDiscount>1</AllowDiscount>
      <ItemStatus>1</ItemStatus>
    </Item>
    <Item>
      <PriceUpdateDate>2024-07-07 16:48</PriceUpdateDate>
      <ItemCode>7290000136653</ItemCode>
      <ItemType>1</ItemType>
      <ItemName>דיאט נשר מאלט 1.5 ליטר</ItemName>
      <ManufacturerName>לא ידוע</ManufacturerName>
      <ManufactureCountry>ישראל</ManufactureCountry>
      <ManufacturerItemDescription>דיאט נשר מאלט 1.5 לי</ManufacturerItemDescription>
      <UnitQty>ליטרים</UnitQty>
      <Quantity>0.00</Quantity>
      <bIsWeighted>0</bIsWeighted>
      <UnitOfMeasure>ליטר</UnitOfMeasure>
      <QtyInPackage>1</QtyInPackage>
      <ItemPrice>10.50</ItemPrice>
      <UnitOfMeasurePrice>10.50</UnitOfMeasurePrice>
      <AllowDiscount>1</AllowDiscount>
      <ItemStatus>1</ItemStatus>
    </Item>
    <Item>
      <PriceUpdateDate>2024-07-07 17:54</PriceUpdateDate>
      <ItemCode>7290000136660</ItemCode>
      <ItemType>1</ItemType>
      <ItemName>מי סודה 1.5 ליטר</ItemName>
      <ManufacturerName>לא ידוע</ManufacturerName>
      <ManufactureCountry>ישראל</ManufactureCountry>
      <ManufacturerItemDescription>מי סודה 1.5 ליטר    </ManufacturerItemDescription>
      <UnitQty>ליטרים</UnitQty>
      <Quantity>0.00</Quantity>
      <bIsWeighted>0</bIsWeighted>
      <UnitOfMeasure>ליטר</UnitOfMeasure>
      <QtyInPackage>1</QtyInPackage>
      <ItemPrice>4.20</ItemPrice>
      <UnitOfMeasurePrice>4.20</UnitOfMeasurePrice>
      <AllowDiscount>1</AllowDiscount>
      <ItemStatus>1</ItemStatus>
    </Item>
    <Item>
      <PriceUpdateDate>2025-08-13 14:50</PriceUpdateDate>
      <ItemCode>7290000136684</ItemCode>
      <ItemType>1</ItemType>
      <ItemName>פפסי מקס 1.5 ליטר</ItemName>
      <ManufacturerName>לא ידוע</ManufacturerName>
      <ManufactureCountry>ישראל</ManufactureCountry>
      <ManufacturerItemDescription>פפסי מקס 1.5 ליטר   </ManufacturerItemDescription>
      <UnitQty>ליטרים</UnitQty>
      <Quantity>0.00</Quantity>
      <bIsWeighted>0</bIsWeighted>
      <UnitOfMeasure>ליטר</UnitOfMeasure>
      <QtyInPackage>1</QtyInPackage>
      <ItemPrice>7.90</ItemPrice>
      <UnitOfMeasurePrice>7.90</UnitOfMeasurePrice>
      <AllowDiscount>1</AllowDiscount>
      <ItemStatus>1</ItemStatus>
    </Item>
    <Item>
      <PriceUpdateDate>2024-07-07 16:30</PriceUpdateDate>
      <ItemCode>7290000136752</ItemCode>
      <ItemType>1</ItemType>
      <ItemName>שישיית סבן אפ דיאט 1.5 ליטר</ItemName>
      <ManufacturerName>לא ידוע</ManufacturerName>
      <ManufactureCountry>IL</ManufactureCountry>
      <ManufacturerItemDescription>שישיית סבן אפ דיאט  </ManufacturerItemDescription>
      <UnitQty>ליטרים</UnitQty>
      <Quantity>0.01</Quantity>
      <bIsWeighted>0</bIsWeighted>
      <UnitOfMeasure>ליטר</UnitOfMeasure>
      <QtyInPackage>1</QtyInPackage>
      <ItemPrice>34.90</ItemPrice>
      <UnitOfMeasurePrice>3490.00</UnitOfMeasurePrice>
      <AllowDiscount>1</AllowDiscount>
      <ItemStatus>1</ItemStatus>
    </Item>
    <Item>
      <PriceUpdateDate>2024-07-07 17:54</PriceUpdateDate>
      <ItemCode>7290000136790</ItemCode>
      <ItemType>1</ItemType>
      <ItemName>שישיית סודה 1.5 ליטר</ItemName>
      <ManufacturerName>לא ידוע</ManufacturerName>
      <ManufactureCountry>ישראל</ManufactureCountry>
      <ManufacturerItemDescription>שישיית סודה 1.5 ליטר</ManufacturerItemDescription>
      <UnitQty>ליטרים</UnitQty>
      <Quantity>0.01</Quantity>
      <bIsWeighted>0</bIsWeighted>
      <UnitOfMeasure>ליטר</UnitOfMeasure>
      <QtyInPackage>1</QtyInPackage>
      <ItemPrice>21.90</ItemPrice>
      <UnitOfMeasurePrice>2190.00</UnitOfMeasurePrice>
      <AllowDiscount>1</AllowDiscount>
      <ItemStatus>1</ItemStatus>
    </Item>
    <Item>
      <PriceUpdateDate>2024-07-07 17:54</PriceUpdateDate>
      <ItemCode>7290000136844</ItemCode>
      <ItemType>1</ItemType>
      <ItemName>שישיית אקווה נובה 2 ל</ItemName>
      <ManufacturerName>לא ידוע</ManufacturerName>
      <ManufactureCountry>ישראל</ManufactureCountry>
      <ManufacturerItemDescription>שישיית אקווה נובה 2ל</ManufacturerItemDescription>
      <UnitQty>ליטרים</UnitQty>
      <Quantity>0.01</Quantity>
      <bIsWeighted>0</bIsWeighted>
      <UnitOfMeasure>ליטר</UnitOfMeasure>
      <QtyInPackage>1</QtyInPackage>
      <ItemPrice>14.90</ItemPrice>
      <UnitOfMeasurePrice>1490.00</UnitOfMeasurePrice>
      <AllowDiscount>1</AllowDiscount>
      <ItemStatus>1</ItemStatus>
    </Item>
    <Item>
      <PriceUpdateDate>2025-01-23 07:42</PriceUpdateDate>
      <ItemCode>7290000136875</ItemCode>
      <ItemType>1</ItemType>
      <ItemName>שישיית סאן בנדטו מוגז  1.5 ליטר</ItemName>
      <ManufacturerName>לא ידוע</ManufacturerName>
      <ManufactureCountry>ישראל</ManufactureCountry>
      <ManufacturerItemDescription>שישיית סאן בנדטו מוג</ManufacturerItemDescription>
      <UnitQty>ליטרים</UnitQty>
      <Quantity>0.01</Quantity>
      <bIsWeighted>0</bIsWeighted>
      <UnitOfMeasure>ליטר</UnitOfMeasure>
      <QtyInPackage>1</QtyInPackage>
      <ItemPrice>23.90</ItemPrice>
      <UnitOfMeasurePrice>2390.00</UnitOfMeasurePrice>
      <AllowDiscount>1</AllowDiscount>
      <ItemStatus>1</ItemStatus>
    </Item>
    <Item>
      <PriceUpdateDate>2025-08-13 14:50</PriceUpdateDate>
      <ItemCode>7290000136936</ItemCode>
      <ItemType>1</ItemType>
      <ItemName>סבן אפ דיאט 1.5 ליטר</ItemName>
      <ManufacturerName>לא ידוע</ManufacturerName>
      <ManufactureCountry>ישראל</ManufactureCountry>
      <ManufacturerItemDescription>סבן אפ דיאט 1.5 ליטר</ManufacturerItemDescription>
      <UnitQty>ליטרים</UnitQty>
      <Quantity>0.00</Quantity>
      <bIsWeighted>0</bIsWeighted>
      <UnitOfMeasure>ליטר</UnitOfMeasure>
      <QtyInPackage>1</QtyInPackage>
      <ItemPrice>7.90</ItemPrice>
      <UnitOfMeasurePrice>7.90</UnitOfMeasurePrice>
      <AllowDiscount>1</AllowDiscount>
      <ItemStatus>1</ItemStatus>
    </Item>
    <Item>
      <PriceUpdateDate>2025-12-10 11:51</PriceUpdateDate>
      <ItemCode>7290000137513</ItemCode>
      <ItemType>1</ItemType>
      <ItemName>גלידונית 60 יחידות</ItemName>
      <ManufacturerName>לא ידוע</ManufacturerName>
      <ManufactureCountry>לא ידוע</ManufactureCountry>
      <ManufacturerItemDescription>גלידונית 60 יחידות  </ManufacturerItemDescription>
      <UnitQty>גרמים</UnitQty>
      <Quantity>700.00</Quantity>
      <bIsWeighted>0</bIsWeighted>
      <UnitOfMeasure>100 גרם</UnitOfMeasure>
      <QtyInPackage>1</QtyInPackage>
      <ItemPrice>56.90</ItemPrice>
      <UnitOfMeasurePrice>8.13</UnitOfMeasurePrice>
      <AllowDiscount>1</AllowDiscount>
      <ItemStatus>1</ItemStatus>
    </Item>
    <Item>
      <PriceUpdateDate>2024-06-22 21:08</PriceUpdateDate>
      <ItemCode>7290000139258</ItemCode>
      <ItemType>1</ItemType>
      <ItemName>שלווה עם סוכר ודבש 200 גרם</ItemName>
      <ManufacturerName>לא ידוע</ManufacturerName>
      <ManufactureCountry>לא ידוע</ManufactureCountry>
      <ManufacturerItemDescription>שלווה עם סוכר ודבש 2</ManufacturerItemDescription>
      <UnitQty>גרמים</UnitQty>
      <Quantity>200.00</Quantity>
      <bIsWeighted>0</bIsWeighted>
      <UnitOfMeasure>100 גרם</UnitOfMeasure>
      <QtyInPackage>1</QtyInPackage>
      <ItemPrice>9.40</ItemPrice>
      <UnitOfMeasurePrice>4.70</UnitOfMeasurePrice>
      <AllowDiscount>1</AllowDiscount>
      <ItemStatus>1</ItemStatus>
    </Item>
    <Item>
      <PriceUpdateDate>2024-02-04 10:54</PriceUpdateDate>
      <ItemCode>7290000144467</ItemCode>
      <ItemType>1</ItemType>
      <ItemName>שמן עץ הזית חמניות 1 ליטר בריאות מהטבע</ItemName>
      <ManufacturerName>לא ידוע</ManufacturerName>
      <ManufactureCountry>לא ידוע</ManufactureCountry>
      <ManufacturerItemDescription>שמן עץ הזית חמניות 1</ManufacturerItemDescription>
      <UnitQty>מיליליטרים</UnitQty>
      <Quantity>1000.00</Quantity>
      <bIsWeighted>0</bIsWeighted>
      <UnitOfMeasure>100 מ"ל</UnitOfMeasure>
      <QtyInPackage>1</QtyInPackage>
      <ItemPrice>17.90</ItemPrice>
      <UnitOfMeasurePrice>1.79</UnitOfMeasurePrice>
      <AllowDiscount>1</AllowDiscount>
      <ItemStatus>1</ItemStatus>
    </Item>
    <Item>
      <PriceUpdateDate>2024-02-04 10:56</PriceUpdateDate>
      <ItemCode>7290000144474</ItemCode>
      <ItemType>1</ItemType>
      <ItemName>שמן עץ הזית קנולה 1 ליטר בריאות מהטבע</ItemName>
      <ManufacturerName>לא ידוע</ManufacturerName>
      <ManufactureCountry>לא ידוע</ManufactureCountry>
      <ManufacturerItemDescription>שמן עץ הזית קנולה 1 </ManufacturerItemDescription>
      <UnitQty>מיליליטרים</UnitQty>
      <Quantity>1000.00</Quantity>
      <bIsWeighted>0</bIsWeighted>
      <UnitOfMeasure>100 מ"ל</UnitOfMeasure>
      <QtyInPackage>1</QtyInPackage>
      <ItemPrice>17.90</ItemPrice>
      <UnitOfMeasurePrice>1.79</UnitOfMeasurePrice>
      <AllowDiscount>1</AllowDiscount>
      <ItemStatus>1</ItemStatus>
    </Item>
    <Item>
      <PriceUpdateDate>2025-03-11 15:22</PriceUpdateDate>
      <ItemCode>7290000148748</ItemCode>
      <ItemType>1</ItemType>
      <ItemName>גרעיני חמניה שקית קליית גת 200 גרם</ItemName>
      <ManufacturerName>לא ידוע</ManufacturerName>
      <ManufactureCountry>לא ידוע</ManufactureCountry>
      <ManufacturerItemDescription>גרעיני חמניה שקית קל</ManufacturerItemDescription>
      <UnitQty>גרמים</UnitQty>
      <Quantity>200.00</Quantity>
      <bIsWeighted>0</bIsWeighted>
      <UnitOfMeasure>100 גרם</UnitOfMeasure>
      <QtyInPackage>1</QtyInPackage>
      <ItemPrice>10.50</ItemPrice>
      <UnitOfMeasurePrice>5.25</UnitOfMeasurePrice>
      <AllowDiscount>1</AllowDiscount>
      <ItemStatus>1</ItemStatus>
    </Item>
    <Item>
      <PriceUpdateDate>2025-06-06 05:57</PriceUpdateDate>
      <ItemCode>7290000168173</ItemCode>
      <ItemType>1</ItemType>
      <ItemName>ברנפלקס קרנצים 375 גרם</ItemName>
      <ManufacturerName>לא ידוע</ManufacturerName>
      <ManufactureCountry>לא ידוע</ManufactureCountry>
      <ManufacturerItemDescription>ברנפלקס קרנצים 375 ג</ManufacturerItemDescription>
      <UnitQty>גרמים</UnitQty>
      <Quantity>375.00</Quantity>
      <bIsWeighted>0</bIsWeighted>
      <UnitOfMeasure>100 גרם</UnitOfMeasure>
      <QtyInPackage>1</QtyInPackage>
      <ItemPrice>29.90</ItemPrice>
      <UnitOfMeasurePrice>7.97</UnitOfMeasurePrice>
      <AllowDiscount>1</AllowDiscount>
      <ItemStatus>1</ItemStatus>
    </Item>
    <Item>
      <PriceUpdateDate>2023-05-22 18:48</PriceUpdateDate>
      <ItemCode>7290000169538</ItemCode>
      <ItemType>1</ItemType>
      <ItemName>מרק נמס בכוס עגבניות וקרוטונים 56 ג קנור</ItemName>
      <ManufacturerName>לא ידוע</ManufacturerName>
      <ManufactureCountry>לא ידוע</ManufactureCountry>
      <ManufacturerItemDescription>מרק נמס בכוס עגבניות</ManufacturerItemDescription>
      <UnitQty>גרמים</UnitQty>
      <Quantity>56.00</Quantity>
      <bIsWeighted>0</bIsWeighted>
      <UnitOfMeasure>100 גרם</UnitOfMeasure>
      <QtyInPackage>1</QtyInPackage>
      <ItemPrice>8.90</ItemPrice>
      <UnitOfMeasurePrice>15.89</UnitOfMeasurePrice>
      <AllowDiscount>1</AllowDiscount>
      <ItemStatus>1</ItemStatus>
    </Item>
    <Item>
      <PriceUpdateDate>2025-08-13 14:50</PriceUpdateDate>
      <ItemCode>7290000170053</ItemCode>
      <ItemType>1</ItemType>
      <ItemName>שוקולד פרה חלב 100 גרם</ItemName>
      <ManufacturerName>לא ידוע</ManufacturerName>
      <ManufactureCountry>לא ידוע</ManufactureCountry>
      <ManufacturerItemDescription>שוקולד פרה חלב 100 ג</ManufacturerItemDescription>
      <UnitQty>גרמים</UnitQty>
      <Quantity>100.00</Quantity>
      <bIsWeighted>0</bIsWeighted>
      <UnitOfMeasure>100 גרם</UnitOfMeasure>
      <QtyInPackage>1</QtyInPackage>
      <ItemPrice>10.50</ItemPrice>
      <UnitOfMeasurePrice>10.50</UnitOfMeasurePrice>
      <AllowDiscount>1</AllowDiscount>
      <ItemStatus>1</ItemStatus>
    </Item>
    <Item>
      <PriceUpdateDate>2025-08-13 14:51</PriceUpdateDate>
      <ItemCode>7290000170077</ItemCode>
      <ItemType>1</ItemType>
      <ItemName>שוקולד פרה מריר 100 גרם</ItemName>
      <ManufacturerName>לא ידוע</ManufacturerName>
      <ManufactureCountry>לא ידוע</ManufactureCountry>
      <ManufacturerItemDescription>שוקולד פרה מריר 100 </ManufacturerItemDescription>
      <UnitQty>גרמים</UnitQty>
      <Quantity>100.00</Quantity>
      <bIsWeighted>0</bIsWeighted>
      <UnitOfMeasure>100 גרם</UnitOfMeasure>
      <QtyInPackage>1</QtyInPackage>
      <ItemPrice>10.50</ItemPrice>
      <UnitOfMeasurePrice>10.50</UnitOfMeasurePrice>
      <AllowDiscount>1</AllowDiscount>
      <ItemStatus>1</ItemStatus>
    </Item>
    <Item>
      <PriceUpdateDate>2025-08-13 14:50</PriceUpdateDate>
      <ItemCode>7290000174099</ItemCode>
      <ItemType>1</ItemType>
      <ItemName>בפלות שוקולד 500 גרם</ItemName>
      <ManufacturerName>לא ידוע</ManufacturerName>
      <ManufactureCountry>לא ידוע</ManufactureCountry>
      <ManufacturerItemDescription>בפלות שוקולד 500 גרם</ManufacturerItemDescription>
      <UnitQty>גרמים</UnitQty>
      <Quantity>500.00</Quantity>
      <bIsWeighted>0</bIsWeighted>
      <UnitOfMeasure>100 גרם</UnitOfMeasure>
      <QtyInPackage>1</QtyInPackage>
      <ItemPrice>21.90</ItemPrice>
      <UnitOfMeasurePrice>4.38</UnitOfMeasurePrice>
      <AllowDiscount>1</AllowDiscount>
      <ItemStatus>1</ItemStatus>
    </Item>
    <Item>
      <PriceUpdateDate>2025-01-23 07:42</PriceUpdateDate>
      <ItemCode>7290000174723</ItemCode>
      <ItemType>1</ItemType>
      <ItemName>שוקולית 500 גרם</ItemName>
      <ManufacturerName>לא ידוע</ManufacturerName>
      <ManufactureCountry>לא ידוע</ManufactureCountry>
      <ManufacturerItemDescription>שוקולית 500 גרם     </ManufacturerItemDescription>
      <UnitQty>גרמים</UnitQty>
      <Quantity>500.00</Quantity>
      <bIsWeighted>0</bIsWeighted>
      <UnitOfMeasure>100 גרם</UnitOfMeasure>
      <QtyInPackage>1</QtyInPackage>
      <ItemPrice>22.90</ItemPrice>
      <UnitOfMeasurePrice>4.58</UnitOfMeasurePrice>
      <AllowDiscount>1</AllowDiscount>
      <ItemStatus>1</ItemStatus>
    </Item>
    <Item>
      <PriceUpdateDate>2025-08-13 14:51</PriceUpdateDate>
      <ItemCode>7290000176062</ItemCode>
      <ItemType>1</ItemType>
      <ItemName>קפה עלית טורקי 100 גרם</ItemName>
      <ManufacturerName>לא ידוע</ManufacturerName>
      <ManufactureCountry>ישראל</ManufactureCountry>
      <ManufacturerItemDescription>קפה עלית טורקי 100 ג</ManufacturerItemDescription>
      <UnitQty>גרמים</UnitQty>
      <Quantity>100.00</Quantity>
      <bIsWeighted>0</bIsWeighted>
      <UnitOfMeasure>100 גרם</UnitOfMeasure>
      <QtyInPackage>1</QtyInPackage>
      <ItemPrice>11.90</ItemPrice>
      <UnitOfMeasurePrice>11.90</UnitOfMeasurePrice>
      <AllowDiscount>1</AllowDiscount>
      <ItemStatus>1</ItemStatus>
    </Item>
    <Item>
      <PriceUpdateDate>2025-07-27 13:46</PriceUpdateDate>
      <ItemCode>7290000176420</ItemCode>
      <ItemType>1</ItemType>
      <ItemName>קפה נמס עלית 200 גרם</ItemName>
      <ManufacturerName>לא ידוע</ManufacturerName>
      <ManufactureCountry>IL</ManufactureCountry>
      <ManufacturerItemDescription>קפה נמס עלית 200 גרם</ManufacturerItemDescription>
      <UnitQty>גרמים</UnitQty>
      <Quantity>200.00</Quantity>
      <bIsWeighted>0</bIsWeighted>
      <UnitOfMeasure>100 גרם</UnitOfMeasure>
      <QtyInPackage>0</QtyInPackage>
      <ItemPrice>28.90</ItemPrice>
      <UnitOfMeasurePrice>14.45</UnitOfMeasurePrice>
      <AllowDiscount>1</AllowDiscount>
      <ItemStatus>1</ItemStatus>
    </Item>
    <Item>
      <PriceUpdateDate>2025-08-13 14:51</PriceUpdateDate>
      <ItemCode>7290000178103</ItemCode>
      <ItemType>1</ItemType>
      <ItemName>שוקולד חלב  פרה רביעייה</ItemName>
      <ManufacturerName>לא ידוע</ManufacturerName>
      <ManufactureCountry>לא ידוע</ManufactureCountry>
      <ManufacturerItemDescription>שוקולד חלב  פרה רביע</ManufacturerItemDescription>
      <UnitQty>גרמים</UnitQty>
      <Quantity>400.00</Quantity>
      <bIsWeighted>0</bIsWeighted>
      <UnitOfMeasure>100 גרם</UnitOfMeasure>
      <QtyInPackage>1</QtyInPackage>
      <ItemPrice>34.90</ItemPrice>
      <UnitOfMeasurePrice>8.73</UnitOfMeasurePrice>
      <AllowDiscount>1</AllowDiscount>
      <ItemStatus>1</ItemStatus>
    </Item>
    <Item>
      <PriceUpdateDate>2025-08-13 14:50</PriceUpdateDate>
      <ItemCode>7290000178134</ItemCode>
      <ItemType>1</ItemType>
      <ItemName>שוקולד פרה מריר רביעייה 4*100 גר</ItemName>
      <ManufacturerName>לא ידוע</ManufacturerName>
      <ManufactureCountry>לא ידוע</ManufactureCountry>
      <ManufacturerItemDescription>שוקולד פרה מריר רביע</ManufacturerItemDescription>
      <UnitQty>גרמים</UnitQty>
      <Quantity>400.00</Quantity>
      <bIsWeighted>0</bIsWeighted>
      <UnitOfMeasure>100 גרם</UnitOfMeasure>
      <QtyInPackage>1</QtyInPackage>
      <ItemPrice>34.90</ItemPrice>
      <UnitOfMeasurePrice>8.73</UnitOfMeasurePrice>
      <AllowDiscount>1</AllowDiscount>
      <ItemStatus>1</ItemStatus>
    </Item>
    <Item>
      <PriceUpdateDate>2024-01-29 09:53</PriceUpdateDate>
      <ItemCode>7290000178707</ItemCode>
      <ItemType>1</ItemType>
      <ItemName>תפוציפס טבעי 50 גרם</ItemName>
      <ManufacturerName>לא ידוע</ManufacturerName>
      <ManufactureCountry>לא ידוע</ManufactureCountry>
      <ManufacturerItemDescription>תפוציפס טבעי 50 גרם </ManufacturerItemDescription>
      <UnitQty>גרמים</UnitQty>
      <Quantity>50.00</Quantity>
      <bIsWeighted>0</bIsWeighted>
      <UnitOfMeasure>100 גרם</UnitOfMeasure>
      <QtyInPackage>1</QtyInPackage>
      <ItemPrice>5.30</ItemPrice>
      <UnitOfMeasurePrice>10.60</UnitOfMeasurePrice>
      <AllowDiscount>1</AllowDiscount>
      <ItemStatus>1</ItemStatus>
    </Item>
    <Item>
      <PriceUpdateDate>2025-01-23 07:42</PriceUpdateDate>
      <ItemCode>7290000178721</ItemCode>
      <ItemType>1</ItemType>
      <ItemName>תפוציפס טבעי 200 גרם</ItemName>
      <ManufacturerName>לא ידוע</ManufacturerName>
      <ManufactureCountry>לא ידוע</ManufactureCountry>
      <ManufacturerItemDescription>תפוציפס טבעי 200 גרם</ManufacturerItemDescription>
      <UnitQty>גרמים</UnitQty>
      <Quantity>200.00</Quantity>
      <bIsWeighted>0</bIsWeighted>
      <UnitOfMeasure>100 גרם</UnitOfMeasure>
      <QtyInPackage>1</QtyInPackage>
      <ItemPrice>12.50</ItemPrice>
      <UnitOfMeasurePrice>6.25</UnitOfMeasurePrice>
      <AllowDiscount>1</AllowDiscount>
      <ItemStatus>1</ItemStatus>
    </Item>
    <Item>
      <PriceUpdateDate>2025-08-13 14:51</PriceUpdateDate>
      <ItemCode>7290000180212</ItemCode>
      <ItemType>1</ItemType>
      <ItemName>שוקולד פרה מריר עם אגוזים 100 גרם</ItemName>
      <ManufacturerName>לא ידוע</ManufacturerName>
      <ManufactureCountry>לא ידוע</ManufactureCountry>
      <ManufacturerItemDescription>שוקולד פרה מריר עם א</ManufacturerItemDescription>
      <UnitQty>גרמים</UnitQty>
      <Quantity>100.00</Quantity>
      <bIsWeighted>0</bIsWeighted>
      <UnitOfMeasure>100 גרם</UnitOfMeasure>
      <QtyInPackage>1</QtyInPackage>
      <ItemPrice>10.50</ItemPrice>
      <UnitOfMeasurePrice>10.50</UnitOfMeasurePrice>
      <AllowDiscount>1</AllowDiscount>
      <ItemStatus>1</ItemStatus>
    </Item>
    <Item>
      <PriceUpdateDate>2025-08-13 14:50</PriceUpdateDate>
      <ItemCode>7290000181103</ItemCode>
      <ItemType>1</ItemType>
      <ItemName>ביסקוויט עד חצות ושוקולד חלב 180 גרם</ItemName>
      <ManufacturerName>לא ידוע</ManufacturerName>
      <ManufactureCountry>לא ידוע</ManufactureCountry>
      <ManufacturerItemDescription>ביסקוויט עד חצות 200</ManufacturerItemDescription>
      <UnitQty>גרמים</UnitQty>
      <Quantity>180.00</Quantity>
      <bIsWeighted>0</bIsWeighted>
      <UnitOfMeasure>100 גרם</UnitOfMeasure>
      <QtyInPackage>1</QtyInPackage>
      <ItemPrice>21.90</ItemPrice>
      <UnitOfMeasurePrice>12.17</UnitOfMeasurePrice>
      <AllowDiscount>1</AllowDiscount>
      <ItemStatus>1</ItemStatus>
    </Item>
    <Item>
      <PriceUpdateDate>2023-01-23 15:59</PriceUpdateDate>
      <ItemCode>7290000187938</ItemCode>
      <ItemType>1</ItemType>
      <ItemName>לילי פסטל 32 גלילים</ItemName>
      <ManufacturerName>לא ידוע</ManufacturerName>
      <ManufactureCountry>לא ידוע</ManufactureCountry>
      <ManufacturerItemDescription>לילי פסטל 32 גלילים </ManufacturerItemDescription>
      <UnitQty>מטרים</UnitQty>
      <Quantity>552.00</Quantity>
      <bIsWeighted>0</bIsWeighted>
      <UnitOfMeasure>מטר</UnitOfMeasure>
      <QtyInPackage>1</QtyInPackage>
      <ItemPrice>44.90</ItemPrice>
      <UnitOfMeasurePrice>0.08</UnitOfMeasurePrice>
      <AllowDiscount>1</AllowDiscount>
      <ItemStatus>1</ItemStatus>
    </Item>
    <Item>
      <PriceUpdateDate>2022-09-14 13:49</PriceUpdateDate>
      <ItemCode>7290000188355</ItemCode>
      <ItemType>1</ItemType>
      <ItemName>מגבות ניקול שישייה</ItemName>
      <ManufacturerName>לא ידוע</ManufacturerName>
      <ManufactureCountry>לא ידוע</ManufactureCountry>
      <ManufacturerItemDescription>מגבות ניקול שישייה  </ManufacturerItemDescription>
      <UnitQty>מטרים</UnitQty>
      <Quantity>59.20</Quantity>
      <bIsWeighted>0</bIsWeighted>
      <UnitOfMeasure>מטר</UnitOfMeasure>
      <QtyInPackage>1</QtyInPackage>
      <ItemPrice>13.90</ItemPrice>
      <UnitOfMeasurePrice>0.23</UnitOfMeasurePrice>
      <AllowDiscount>1</AllowDiscount>
      <ItemStatus>1</ItemStatus>
    </Item>
    <Item>
      <PriceUpdateDate>2025-02-24 11:02</PriceUpdateDate>
      <ItemCode>7290000188553</ItemCode>
      <ItemType>1</ItemType>
      <ItemName>מ. תחתון קוטקס סילק נורמל</ItemName>
      <ManufacturerName>לא ידוע</ManufacturerName>
      <ManufactureCountry>לא ידוע</ManufactureCountry>
      <ManufacturerItemDescription>מ. תחתון קוטקס סילק </ManufacturerItemDescription>
      <UnitQty>Unknown</UnitQty>
      <Quantity>0.00</Quantity>
      <bIsWeighted>0</bIsWeighted>
      <UnitOfMeasure>Unknown</UnitOfMeasure>
      <QtyInPackage>1</QtyInPackage>
      <ItemPrice>29.50</ItemPrice>
      <UnitOfMeasurePrice>29.50</UnitOfMeasurePrice>
      <AllowDiscount>1</AllowDiscount>
      <ItemStatus>1</ItemStatus>
    </Item>
    <Item>
      <PriceUpdateDate>2022-06-09 17:51</PriceUpdateDate>
      <ItemCode>7290000189192</ItemCode>
      <ItemType>1</ItemType>
      <ItemName>סופר מגבת ניקול 63 יחידות</ItemName>
      <ManufacturerName>לא ידוע</ManufacturerName>
      <ManufactureCountry>לא ידוע</ManufactureCountry>
      <ManufacturerItemDescription>סופר מגבת ניקול 63 י</ManufacturerItemDescription>
      <UnitQty>מטרים</UnitQty>
      <Quantity>17.64</Quantity>
      <bIsWeighted>0</bIsWeighted>
      <UnitOfMeasure>מטר</UnitOfMeasure>
      <QtyInPackage>1</QtyInPackage>
      <ItemPrice>24.90</ItemPrice>
      <UnitOfMeasurePrice>1.41</UnitOfMeasurePrice>
      <AllowDiscount>1</AllowDiscount>
      <ItemStatus>1</ItemStatus>
    </Item>
    <Item>
      <PriceUpdateDate>2024-03-28 13:23</PriceUpdateDate>
      <ItemCode>7290000189550</ItemCode>
      <ItemType>1</ItemType>
      <ItemName>זוג אשפתון ניקול ענק מתכלה 10 יח</ItemName>
      <ManufacturerName>לא ידוע</ManufacturerName>
      <ManufactureCountry>לא ידוע</ManufactureCountry>
      <ManufacturerItemDescription>XXL ניקול שקיות אשפה</ManufacturerItemDescription>
      <UnitQty>Unknown</UnitQty>
      <Quantity>0.00</Quantity>
      <bIsWeighted>0</bIsWeighted>
      <UnitOfMeasure>Unknown</UnitOfMeasure>
      <QtyInPackage>1</QtyInPackage>
      <ItemPrice>27.90</ItemPrice>
      <UnitOfMeasurePrice>27.90</UnitOfMeasurePrice>
      <AllowDiscount>1</AllowDiscount>
      <ItemStatus>1</ItemStatus>
    </Item>
    <Item>
      <PriceUpdateDate>2025-06-06 05:57</PriceUpdateDate>
      <ItemCode>7290000189598</ItemCode>
      <ItemType>1</ItemType>
      <ItemName>ניקול מטלית לחות חד פעמיות לניקוי כללי</ItemName>
      <ManufacturerName>לא ידוע</ManufacturerName>
      <ManufactureCountry>לא ידוע</ManufactureCountry>
      <ManufacturerItemDescription>ניקול מטלית לחות חד </ManufacturerItemDescription>
      <UnitQty>Unknown</UnitQty>
      <Quantity>0.00</Quantity>
      <bIsWeighted>0</bIsWeighted>
      <UnitOfMeasure>Unknown</UnitOfMeasure>
      <QtyInPackage>1</QtyInPackage>
      <ItemPrice>14.90</ItemPrice>
      <UnitOfMeasurePrice>14.90</UnitOfMeasurePrice>
      <AllowDiscount>1</AllowDiscount>
      <ItemStatus>1</ItemStatus>
    </Item>
    <Item>
      <PriceUpdateDate>2022-05-27 10:29</PriceUpdateDate>
      <ItemCode>7290000189871</ItemCode>
      <ItemType>1</ItemType>
      <ItemName>אשפתון מתכלה ניקול 60 יח</ItemName>
      <ManufacturerName>לא ידוע</ManufacturerName>
      <ManufactureCountry>לא ידוע</ManufactureCountry>
      <ManufacturerItemDescription>אשפתון מתכלה ניקול 5</ManufacturerItemDescription>
      <UnitQty>Unknown</UnitQty>
      <Quantity>0.00</Quantity>
      <bIsWeighted>0</bIsWeighted>
      <UnitOfMeasure>Unknown</UnitOfMeasure>
      <QtyInPackage>1</QtyInPackage>
      <ItemPrice>27.90</ItemPrice>
      <UnitOfMeasurePrice>27.90</UnitOfMeasurePrice>
      <AllowDiscount>1</AllowDiscount>
      <ItemStatus>1</ItemStatus>
    </Item>
    <Item>
      <PriceUpdateDate>2025-02-24 11:05</PriceUpdateDate>
      <ItemCode>7290000190150</ItemCode>
      <ItemType>1</ItemType>
      <ItemName>20 מפיות מודפסת</ItemName>
      <ManufacturerName>לא ידוע</ManufacturerName>
      <ManufactureCountry>פולין</ManufactureCountry>
      <ManufacturerItemDescription>מפיות ניקול מודפסות </ManufacturerItemDescription>
      <UnitQty>יחידה</UnitQty>
      <Quantity>1.00</Quantity>
      <bIsWeighted>0</bIsWeighted>
      <UnitOfMeasure>יחידה</UnitOfMeasure>
      <QtyInPackage>1</QtyInPackage>
      <ItemPrice>10.20</ItemPrice>
      <UnitOfMeasurePrice>10.20</UnitOfMeasurePrice>
      <AllowDiscount>1</AllowDiscount>
      <ItemStatus>1</ItemStatus>
    </Item>
    <Item>
      <PriceUpdateDate>2021-01-20 21:12</PriceUpdateDate>
      <ItemCode>7290000190198</ItemCode>
      <ItemType>1</ItemType>
      <ItemName>מטלית ניקול לניקוי חדרי שירותים ואמבט</ItemName>
      <ManufacturerName>לא ידוע</ManufacturerName>
      <ManufactureCountry>לא ידוע</ManufactureCountry>
      <ManufacturerItemDescription>מטלית ניקול לניקוי ח</ManufacturerItemDescription>
      <UnitQty>Unknown</UnitQty>
      <Quantity>0.00</Quantity>
      <bIsWeighted>0</bIsWeighted>
      <UnitOfMeasure>Unknown</UnitOfMeasure>
      <QtyInPackage>1</QtyInPackage>
      <ItemPrice>14.90</ItemPrice>
      <UnitOfMeasurePrice>14.90</UnitOfMeasurePrice>
      <AllowDiscount>1</AllowDiscount>
      <ItemStatus>1</ItemStatus>
    </Item>
    <Item>
      <PriceUpdateDate>2025-03-03 07:02</PriceUpdateDate>
      <ItemCode>7290000190853</ItemCode>
      <ItemType>1</ItemType>
      <ItemName>לילי פיור נייר טואלט דו שכבתי 30 גלילים</ItemName>
      <ManufacturerName>לא ידוע</ManufacturerName>
      <ManufactureCountry />
      <ManufacturerItemDescription>לילי פיור נייר טואלט</ManufacturerItemDescription>
      <UnitQty>מטרים</UnitQty>
      <Quantity>517.50</Quantity>
      <bIsWeighted>0</bIsWeighted>
      <UnitOfMeasure>מטר</UnitOfMeasure>
      <QtyInPackage>1</QtyInPackage>
      <ItemPrice>51.90</ItemPrice>
      <UnitOfMeasurePrice>0.10</UnitOfMeasurePrice>
      <AllowDiscount>1</AllowDiscount>
      <ItemStatus>1</ItemStatus>
    </Item>
    <Item>
      <PriceUpdateDate>2024-12-02 15:20</PriceUpdateDate>
      <ItemCode>7290000191546</ItemCode>
      <ItemType>1</ItemType>
      <ItemName>לילי צבעוני שלישיה</ItemName>
      <ManufacturerName>לא ידוע</ManufacturerName>
      <ManufactureCountry>לא ידוע</ManufactureCountry>
      <ManufacturerItemDescription>לילי צבעוני 90 דף*3 </ManufacturerItemDescription>
      <UnitQty>Unknown</UnitQty>
      <Quantity>0.00</Quantity>
      <bIsWeighted>0</bIsWeighted>
      <UnitOfMeasure>Unknown</UnitOfMeasure>
      <QtyInPackage>1</QtyInPackage>
      <ItemPrice>14.50</ItemPrice>
      <UnitOfMeasurePrice>14.50</UnitOfMeasurePrice>
      <AllowDiscount>1</AllowDiscount>
      <ItemStatus>1</ItemStatus>
    </Item>
    <Item>
      <PriceUpdateDate>2021-03-09 07:53</PriceUpdateDate>
      <ItemCode>7290000191652</ItemCode>
      <ItemType>1</ItemType>
      <ItemName>קלינקס ממחטות מארז שלישייה 90 יח</ItemName>
      <ManufacturerName>לא ידוע</ManufacturerName>
      <ManufactureCountry>לא ידוע</ManufactureCountry>
      <ManufacturerItemDescription>קלינקס שלישייה      </ManufacturerItemDescription>
      <UnitQty>Unknown</UnitQty>
      <Quantity>0.00</Quantity>
      <bIsWeighted>0</bIsWeighted>
      <UnitOfMeasure>Unknown</UnitOfMeasure>
      <QtyInPackage>1</QtyInPackage>
      <ItemPrice>12.90</ItemPrice>
      <UnitOfMeasurePrice>12.90</UnitOfMeasurePrice>
      <AllowDiscount>1</AllowDiscount>
      <ItemStatus>1</ItemStatus>
    </Item>
    <Item>
      <PriceUpdateDate>2023-05-22 18:47</PriceUpdateDate>
      <ItemCode>7290000195216</ItemCode>
      <ItemType>1</ItemType>
      <ItemName>נייר אפיה 50 יח</ItemName>
      <ManufacturerName>לא ידוע</ManufacturerName>
      <ManufactureCountry>לא ידוע</ManufactureCountry>
      <ManufacturerItemDescription>נייר אפייה ניקול    </ManufacturerItemDescription>
      <UnitQty>Unknown</UnitQty>
      <Quantity>0.00</Quantity>
      <bIsWeighted>0</bIsWeighted>
      <UnitOfMeasure>Unknown</UnitOfMeasure>
      <QtyInPackage>1</QtyInPackage>
      <ItemPrice>12.90</ItemPrice>
      <UnitOfMeasurePrice>12.90</UnitOfMeasurePrice>
      <AllowDiscount>1</AllowDiscount>
      <ItemStatus>1</ItemStatus>
    </Item>
    <Item>
      <PriceUpdateDate>2023-01-18 17:17</PriceUpdateDate>
      <ItemCode>7290000195537</ItemCode>
      <ItemType>1</ItemType>
      <ItemName>מגבוני האגיס רביעיה ללא בישום</ItemName>
      <ManufacturerName>לא ידוע</ManufacturerName>
      <ManufactureCountry>לא ידוע</ManufactureCountry>
      <ManufacturerItemDescription>מגבוני האגיס רביעיה </ManufacturerItemDescription>
      <UnitQty>Unknown</UnitQty>
      <Quantity>0.00</Quantity>
      <bIsWeighted>0</bIsWeighted>
      <UnitOfMeasure>Unknown</UnitOfMeasure>
      <QtyInPackage>1</QtyInPackage>
      <ItemPrice>25.90</ItemPrice>
      <UnitOfMeasurePrice>25.90</UnitOfMeasurePrice>
      <AllowDiscount>1</AllowDiscount>
      <ItemStatus>1</ItemStatus>
    </Item>
    <Item>
      <PriceUpdateDate>2023-01-11 17:53</PriceUpdateDate>
      <ItemCode>7290000195773</ItemCode>
      <ItemType>1</ItemType>
      <ItemName>מגבוני האגיס קמומיל רבעייה</ItemName>
      <ManufacturerName>לא ידוע</ManufacturerName>
      <ManufactureCountry>לא ידוע</ManufactureCountry>
      <ManufacturerItemDescription>מגבוני האגיס קמומיל </ManufacturerItemDescription>
      <UnitQty>Unknown</UnitQty>
      <Quantity>0.00</Quantity>
      <bIsWeighted>0</bIsWeighted>
      <UnitOfMeasure>Unknown</UnitOfMeasure>
      <QtyInPackage>1</QtyInPackage>
      <ItemPrice>25.90</ItemPrice>
      <UnitOfMeasurePrice>25.90</UnitOfMeasurePrice>
      <AllowDiscount>1</AllowDiscount>
      <ItemStatus>1</ItemStatus>
    </Item>
    <Item>
      <PriceUpdateDate>2025-03-06 18:46</PriceUpdateDate>
      <ItemCode>7290000196039</ItemCode>
      <ItemType>1</ItemType>
      <ItemName>מפות שולחן ניקול זוג</ItemName>
      <ManufacturerName>לא ידוע</ManufacturerName>
      <ManufactureCountry>לא ידוע</ManufactureCountry>
      <ManufacturerItemDescription>מפות שולחן ניקול זוג</ManufacturerItemDescription>
      <UnitQty>Unknown</UnitQty>
      <Quantity>0.00</Quantity>
      <bIsWeighted>0</bIsWeighted>
      <UnitOfMeasure>Unknown</UnitOfMeasure>
      <QtyInPackage>1</QtyInPackage>
      <ItemPrice>16.60</ItemPrice>
      <UnitOfMeasurePrice>16.60</UnitOfMeasurePrice>
      <AllowDiscount>1</AllowDiscount>
      <ItemStatus>1</ItemStatus>
    </Item>
    <Item>
      <PriceUpdateDate>2025-02-24 11:08</PriceUpdateDate>
      <ItemCode>7290000197029</ItemCode>
      <ItemType>1</ItemType>
      <ItemName>שקיות ריצרץ לאיחסון 12 יח</ItemName>
      <ManufacturerName>לא ידוע</ManufacturerName>
      <ManufactureCountry>לא ידוע</ManufactureCountry>
      <ManufacturerItemDescription>שקיות ריצרץ לאיחסון </ManufacturerItemDescription>
      <UnitQty>Unknown</UnitQty>
      <Quantity>0.00</Quantity>
      <bIsWeighted>0</bIsWeighted>
      <UnitOfMeasure>Unknown</UnitOfMeasure>
      <QtyInPackage>1</QtyInPackage>
      <ItemPrice>21.90</ItemPrice>
      <UnitOfMeasurePrice>21.90</UnitOfMeasurePrice>
      <AllowDiscount>1</AllowDiscount>
      <ItemStatus>1</ItemStatus>
    </Item>
    <Item>
      <PriceUpdateDate>2025-03-06 18:46</PriceUpdateDate>
      <ItemCode>7290000197326</ItemCode>
      <ItemType>1</ItemType>
      <ItemName>רדיד אלומיניום ניקול קצר זוג</ItemName>
      <ManufacturerName>לא ידוע</ManufacturerName>
      <ManufactureCountry>לא ידוע</ManufactureCountry>
      <ManufacturerItemDescription>רדיד אלומיניום ניקול</ManufacturerItemDescription>
      <UnitQty>מטרים</UnitQty>
      <Quantity>15.00</Quantity>
      <bIsWeighted>0</bIsWeighted>
      <UnitOfMeasure>מטר</UnitOfMeasure>
      <QtyInPackage>1</QtyInPackage>
      <ItemPrice>15.20</ItemPrice>
      <UnitOfMeasurePrice>1.01</UnitOfMeasurePrice>
      <AllowDiscount>1</AllowDiscount>
      <ItemStatus>1</ItemStatus>
    </Item>
    <Item>
      <PriceUpdateDate>2022-05-27 10:29</PriceUpdateDate>
      <ItemCode>7290000197432</ItemCode>
      <ItemType>1</ItemType>
      <ItemName>זוג סנדביצון ענק</ItemName>
      <ManufacturerName>לא ידוע</ManufacturerName>
      <ManufactureCountry>לא ידוע</ManufactureCountry>
      <ManufacturerItemDescription>זוג סנדביצון ענק    </ManufacturerItemDescription>
      <UnitQty>Unknown</UnitQty>
      <Quantity>0.00</Quantity>
      <bIsWeighted>0</bIsWeighted>
      <UnitOfMeasure>Unknown</UnitOfMeasure>
      <QtyInPackage>1</QtyInPackage>
      <ItemPrice>16.50</ItemPrice>
      <UnitOfMeasurePrice>16.50</UnitOfMeasurePrice>
      <AllowDiscount>1</AllowDiscount>
      <ItemStatus>1</ItemStatus>
    </Item>
    <Item>
      <PriceUpdateDate>2022-06-09 17:51</PriceUpdateDate>
      <ItemCode>7290000197654</ItemCode>
      <ItemType>1</ItemType>
      <ItemName>אשפתון ניקול ענק 50</ItemName>
      <ManufacturerName>לא ידוע</ManufacturerName>
      <ManufactureCountry>לא ידוע</ManufactureCountry>
      <ManufacturerItemDescription>אשפתון ניקול ענק 45 </ManufacturerItemDescription>
      <UnitQty>Unknown</UnitQty>
      <Quantity>0.00</Quantity>
      <bIsWeighted>0</bIsWeighted>
      <UnitOfMeasure>Unknown</UnitOfMeasure>
      <QtyInPackage>1</QtyInPackage>
      <ItemPrice>25.10</ItemPrice>
      <UnitOfMeasurePrice>25.10</UnitOfMeasurePrice>
      <AllowDiscount>1</AllowDiscount>
      <ItemStatus>1</ItemStatus>
    </Item>
    <Item>
      <PriceUpdateDate>2021-01-20 21:12</PriceUpdateDate>
      <ItemCode>7290000197876</ItemCode>
      <ItemType>1</ItemType>
      <ItemName>מגשית חד פעמית 26 ניקול</ItemName>
      <ManufacturerName>לא ידוע</ManufacturerName>
      <ManufactureCountry>לא ידוע</ManufactureCountry>
      <ManufacturerItemDescription>תבניות אלומיניום    </ManufacturerItemDescription>
      <UnitQty>Unknown</UnitQty>
      <Quantity>0.00</Quantity>
      <bIsWeighted>0</bIsWeighted>
      <UnitOfMeasure>Unknown</UnitOfMeasure>
      <QtyInPackage>1</QtyInPackage>
      <ItemPrice>11.90</ItemPrice>
      <UnitOfMeasurePrice>11.90</UnitOfMeasurePrice>
      <AllowDiscount>1</AllowDiscount>
      <ItemStatus>1</ItemStatus>
    </Item>
    <Item>
      <PriceUpdateDate>2021-01-20 21:12</PriceUpdateDate>
      <ItemCode>7290000197883</ItemCode>
      <ItemType>1</ItemType>
      <ItemName>מגשית 100 כסופה - חיסכון</ItemName>
      <ManufacturerName>לא ידוע</ManufacturerName>
      <ManufactureCountry>לא ידוע</ManufactureCountry>
      <ManufacturerItemDescription>תבניות אלומיניום    </ManufacturerItemDescription>
      <UnitQty>Unknown</UnitQty>
      <Quantity>0.00</Quantity>
      <bIsWeighted>0</bIsWeighted>
      <UnitOfMeasure>Unknown</UnitOfMeasure>
      <QtyInPackage>1</QtyInPackage>
      <ItemPrice>11.90</ItemPrice>
      <UnitOfMeasurePrice>11.90</UnitOfMeasurePrice>
      <AllowDiscount>1</AllowDiscount>
      <ItemStatus>1</ItemStatus>
    </Item>
    <Item>
      <PriceUpdateDate>2025-06-06 05:57</PriceUpdateDate>
      <ItemCode>7290000204086</ItemCode>
      <ItemType>1</ItemType>
      <ItemName>סקוטש ניקול שלישייה</ItemName>
      <ManufacturerName>לא ידוע</ManufacturerName>
      <ManufactureCountry>לא ידוע</ManufactureCountry>
      <ManufacturerItemDescription>סקוטש ניקול שלישייה </ManufacturerItemDescription>
      <UnitQty>Unknown</UnitQty>
      <Quantity>0.00</Quantity>
      <bIsWeighted>0</bIsWeighted>
      <UnitOfMeasure>Unknown</UnitOfMeasure>
      <QtyInPackage>1</QtyInPackage>
      <ItemPrice>15.90</ItemPrice>
      <UnitOfMeasurePrice>15.90</UnitOfMeasurePrice>
      <AllowDiscount>1</AllowDiscount>
      <ItemStatus>1</ItemStatus>
    </Item>
    <Item>
      <PriceUpdateDate>2022-05-27 10:24</PriceUpdateDate>
      <ItemCode>7290000204215</ItemCode>
      <ItemType>1</ItemType>
      <ItemName>כרית ניקול שישייה</ItemName>
      <ManufacturerName>לא ידוע</ManufacturerName>
      <ManufactureCountry>לא ידוע</ManufactureCountry>
      <ManufacturerItemDescription>כרית ניקול שישייה   </ManufacturerItemDescription>
      <UnitQty>Unknown</UnitQty>
      <Quantity>0.00</Quantity>
      <bIsWeighted>0</bIsWeighted>
      <UnitOfMeasure>Unknown</UnitOfMeasure>
      <QtyInPackage>1</QtyInPackage>
      <ItemPrice>13.90</ItemPrice>
      <UnitOfMeasurePrice>13.90</UnitOfMeasurePrice>
      <AllowDiscount>1</AllowDiscount>
      <ItemStatus>1</ItemStatus>
    </Item>
    <Item>
      <PriceUpdateDate>2025-06-06 05:57</PriceUpdateDate>
      <ItemCode>7290000204253</ItemCode>
      <ItemType>1</ItemType>
      <ItemName>מטליות ניקול 9 יח</ItemName>
      <ManufacturerName>לא ידוע</ManufacturerName>
      <ManufactureCountry>לא ידוע</ManufactureCountry>
      <ManufacturerItemDescription>מטליות ניקול 9 יח   </ManufacturerItemDescription>
      <UnitQty>Unknown</UnitQty>
      <Quantity>0.00</Quantity>
      <bIsWeighted>0</bIsWeighted>
      <UnitOfMeasure>Unknown</UnitOfMeasure>
      <QtyInPackage>1</QtyInPackage>
      <ItemPrice>15.90</ItemPrice>
      <UnitOfMeasurePrice>15.90</UnitOfMeasurePrice>
      <AllowDiscount>1</AllowDiscount>
      <ItemStatus>1</ItemStatus>
    </Item>
    <Item>
      <PriceUpdateDate>2025-03-14 17:56</PriceUpdateDate>
      <ItemCode>7290000207063</ItemCode>
      <ItemType>1</ItemType>
      <ItemName>פריכוז 260 גרם</ItemName>
      <ManufacturerName>לא ידוע</ManufacturerName>
      <ManufactureCountry>לא ידוע</ManufactureCountry>
      <ManufacturerItemDescription>פריכוז 240 גר       </ManufacturerItemDescription>
      <UnitQty>גרמים</UnitQty>
      <Quantity>240.00</Quantity>
      <bIsWeighted>0</bIsWeighted>
      <UnitOfMeasure>100 גרם</UnitOfMeasure>
      <QtyInPackage>1</QtyInPackage>
      <ItemPrice>8.30</ItemPrice>
      <UnitOfMeasurePrice>3.46</UnitOfMeasurePrice>
      <AllowDiscount>1</AllowDiscount>
      <ItemStatus>1</ItemStatus>
    </Item>
    <Item>
      <PriceUpdateDate>2024-01-08 11:28</PriceUpdateDate>
      <ItemCode>7290000207162</ItemCode>
      <ItemType>1</ItemType>
      <ItemName>רוטב עגבניות יכין 100 גרם</ItemName>
      <ManufacturerName>לא ידוע</ManufacturerName>
      <ManufactureCountry>ישראל</ManufactureCountry>
      <ManufacturerItemDescription>רוטב עגבניות יכין 10</ManufacturerItemDescription>
      <UnitQty>גרמים</UnitQty>
      <Quantity>100.00</Quantity>
      <bIsWeighted>0</bIsWeighted>
      <UnitOfMeasure>100 גרם</UnitOfMeasure>
      <QtyInPackage>1</QtyInPackage>
      <ItemPrice>3.40</ItemPrice>
      <UnitOfMeasurePrice>3.40</UnitOfMeasurePrice>
      <AllowDiscount>1</AllowDiscount>
      <ItemStatus>1</ItemStatus>
    </Item>
    <Item>
      <PriceUpdateDate>2025-09-16 12:36</PriceUpdateDate>
      <ItemCode>7290000208114</ItemCode>
      <ItemType>1</ItemType>
      <ItemName>אפונה וגזר יכין 550 גר</ItemName>
      <ManufacturerName>לא ידוע</ManufacturerName>
      <ManufactureCountry>לא ידוע</ManufactureCountry>
      <ManufacturerItemDescription>אפונה וגזר יכין 550 </ManufacturerItemDescription>
      <UnitQty>גרמים</UnitQty>
      <Quantity>550.00</Quantity>
      <bIsWeighted>0</bIsWeighted>
      <UnitOfMeasure>100 גרם</UnitOfMeasure>
      <QtyInPackage>1</QtyInPackage>
      <ItemPrice>13.90</ItemPrice>
      <UnitOfMeasurePrice>2.53</UnitOfMeasurePrice>
      <AllowDiscount>1</AllowDiscount>
      <ItemStatus>1</ItemStatus>
    </Item>
    <Item>
      <PriceUpdateDate>2025-03-14 17:56</PriceUpdateDate>
      <ItemCode>7290000208145</ItemCode>
      <ItemType>1</ItemType>
      <ItemName>תירס לייט יכין 550 גרם A2</ItemName>
      <ManufacturerName>לא ידוע</ManufacturerName>
      <ManufactureCountry>לא ידוע</ManufactureCountry>
      <ManufacturerItemDescription>תירס לייט יכין 550 ג</ManufacturerItemDescription>
      <UnitQty>גרמים</UnitQty>
      <Quantity>550.00</Quantity>
      <bIsWeighted>0</bIsWeighted>
      <UnitOfMeasure>100 גרם</UnitOfMeasure>
      <QtyInPackage>1</QtyInPackage>
      <ItemPrice>11.90</ItemPrice>
      <UnitOfMeasurePrice>2.16</UnitOfMeasurePrice>
      <AllowDiscount>1</AllowDiscount>
      <ItemStatus>1</ItemStatus>
    </Item>
    <Item>
      <PriceUpdateDate>2025-03-14 17:56</PriceUpdateDate>
      <ItemCode>7290000208213</ItemCode>
      <ItemType>1</ItemType>
      <ItemName>שעועית יכין אפויה 580 גר A/2</ItemName>
      <ManufacturerName>לא ידוע</ManufacturerName>
      <ManufactureCountry>לא ידוע</ManufactureCountry>
      <ManufacturerItemDescription>שעועית יכין אפויה 58</ManufacturerItemDescription>
      <UnitQty>גרמים</UnitQty>
      <Quantity>580.00</Quantity>
      <bIsWeighted>0</bIsWeighted>
      <UnitOfMeasure>100 גרם</UnitOfMeasure>
      <QtyInPackage>1</QtyInPackage>
      <ItemPrice>11.90</ItemPrice>
      <UnitOfMeasurePrice>2.05</UnitOfMeasurePrice>
      <AllowDiscount>1</AllowDiscount>
      <ItemStatus>1</ItemStatus>
    </Item>
    <Item>
      <PriceUpdateDate>2025-03-14 17:56</PriceUpdateDate>
      <ItemCode>7290000208220</ItemCode>
      <ItemType>1</ItemType>
      <ItemName>שעועית צלי חריף A2</ItemName>
      <ManufacturerName>לא ידוע</ManufacturerName>
      <ManufactureCountry>לא ידוע</ManufactureCountry>
      <ManufacturerItemDescription>שעועית צלי חריף A2  </ManufacturerItemDescription>
      <UnitQty>גרמים</UnitQty>
      <Quantity>550.00</Quantity>
      <bIsWeighted>0</bIsWeighted>
      <UnitOfMeasure>100 גרם</UnitOfMeasure>
      <QtyInPackage>1</QtyInPackage>
      <ItemPrice>13.50</ItemPrice>
      <UnitOfMeasurePrice>2.45</UnitOfMeasurePrice>
      <AllowDiscount>1</AllowDiscount>
      <ItemStatus>1</ItemStatus>
    </Item>
    <Item>
      <PriceUpdateDate>2024-01-08 11:28</PriceUpdateDate>
      <ItemCode>7290000208312</ItemCode>
      <ItemType>1</ItemType>
      <ItemName>תירס ואקום 400 גרם יכין</ItemName>
      <ManufacturerName>לא ידוע</ManufacturerName>
      <ManufactureCountry>ישראל</ManufactureCountry>
      <ManufacturerItemDescription>תירס מתוק יכין 400 ג</ManufacturerItemDescription>
      <UnitQty>גרמים</UnitQty>
      <Quantity>400.00</Quantity>
      <bIsWeighted>0</bIsWeighted>
      <UnitOfMeasure>100 גרם</UnitOfMeasure>
      <QtyInPackage>1</QtyInPackage>
      <ItemPrice>8.90</ItemPrice>
      <UnitOfMeasurePrice>2.23</UnitOfMeasurePrice>
      <AllowDiscount>1</AllowDiscount>
      <ItemStatus>1</ItemStatus>
    </Item>
    <Item>
      <PriceUpdateDate>2025-03-14 17:56</PriceUpdateDate>
      <ItemCode>7290000208329</ItemCode>
      <ItemType>1</ItemType>
      <ItemName>תירס גרעינים 550 גר A2 יכין</ItemName>
      <ManufacturerName>לא ידוע</ManufacturerName>
      <ManufactureCountry>לא ידוע</ManufactureCountry>
      <ManufacturerItemDescription>תירס גרעינים 550 גר </ManufacturerItemDescription>
      <UnitQty>גרמים</UnitQty>
      <Quantity>550.00</Quantity>
      <bIsWeighted>0</bIsWeighted>
      <UnitOfMeasure>100 גרם</UnitOfMeasure>
      <QtyInPackage>1</QtyInPackage>
      <ItemPrice>10.60</ItemPrice>
      <UnitOfMeasurePrice>1.93</UnitOfMeasurePrice>
      <AllowDiscount>1</AllowDiscount>
      <ItemStatus>1</ItemStatus>
    </Item>
    <Item>
      <PriceUpdateDate>2024-01-08 11:28</PriceUpdateDate>
      <ItemCode>7290000208336</ItemCode>
      <ItemType>1</ItemType>
      <ItemName>רוטב עגבניות 260 גרם יכין</ItemName>
      <ManufacturerName>לא ידוע</ManufacturerName>
      <ManufactureCountry>לא ידוע</ManufactureCountry>
      <ManufacturerItemDescription>רוטב עגבניות יכין 24</ManufacturerItemDescription>
      <UnitQty>גרמים</UnitQty>
      <Quantity>240.00</Quantity>
      <bIsWeighted>0</bIsWeighted>
      <UnitOfMeasure>100 גרם</UnitOfMeasure>
      <QtyInPackage>1</QtyInPackage>
      <ItemPrice>5.50</ItemPrice>
      <UnitOfMeasurePrice>2.29</UnitOfMeasurePrice>
      <AllowDiscount>1</AllowDiscount>
      <ItemStatus>1</ItemStatus>
    </Item>
    <Item>
      <PriceUpdateDate>2025-03-14 17:56</PriceUpdateDate>
      <ItemCode>7290000208343</ItemCode>
      <ItemType>1</ItemType>
      <ItemName>עגבניות מרוסקות שום 850 גר יכין A 2.5</ItemName>
      <ManufacturerName>לא ידוע</ManufacturerName>
      <ManufactureCountry>לא ידוע</ManufactureCountry>
      <ManufacturerItemDescription>עגבניות מרוסקות שום </ManufacturerItemDescription>
      <UnitQty>גרמים</UnitQty>
      <Quantity>850.00</Quantity>
      <bIsWeighted>0</bIsWeighted>
      <UnitOfMeasure>100 גרם</UnitOfMeasure>
      <QtyInPackage>1</QtyInPackage>
      <ItemPrice>13.50</ItemPrice>
      <UnitOfMeasurePrice>1.59</UnitOfMeasurePrice>
      <AllowDiscount>1</AllowDiscount>
      <ItemStatus>1</ItemStatus>
    </Item>
    <Item>
      <PriceUpdateDate>2025-03-14 17:56</PriceUpdateDate>
      <ItemCode>7290000208350</ItemCode>
      <ItemType>1</ItemType>
      <ItemName>עגבניות מרוסקות בצל 850 גר יכין A 2.5</ItemName>
      <ManufacturerName>לא ידוע</ManufacturerName>
      <ManufactureCountry>לא ידוע</ManufactureCountry>
      <ManufacturerItemDescription>עגבניות מרוסקות בצל </ManufacturerItemDescription>
      <UnitQty>גרמים</UnitQty>
      <Quantity>800.00</Quantity>
      <bIsWeighted>0</bIsWeighted>
      <UnitOfMeasure>100 גרם</UnitOfMeasure>
      <QtyInPackage>1</QtyInPackage>
      <ItemPrice>13.50</ItemPrice>
      <UnitOfMeasurePrice>1.69</UnitOfMeasurePrice>
      <AllowDiscount>1</AllowDiscount>
      <ItemStatus>1</ItemStatus>
    </Item>
    <Item>
      <PriceUpdateDate>2025-03-14 17:56</PriceUpdateDate>
      <ItemCode>7290000208367</ItemCode>
      <ItemType>1</ItemType>
      <ItemName>עגבניות מרוסקות בזיליקום יכין 850  A 2.5</ItemName>
      <ManufacturerName>לא ידוע</ManufacturerName>
      <ManufactureCountry>לא ידוע</ManufactureCountry>
      <ManufacturerItemDescription>עגבניות מרוסקות בזיל</ManufacturerItemDescription>
      <UnitQty>גרמים</UnitQty>
      <Quantity>800.00</Quantity>
      <bIsWeighted>0</bIsWeighted>
      <UnitOfMeasure>100 גרם</UnitOfMeasure>
      <QtyInPackage>1</QtyInPackage>
      <ItemPrice>13.50</ItemPrice>
      <UnitOfMeasurePrice>1.69</UnitOfMeasurePrice>
      <AllowDiscount>1</AllowDiscount>
      <ItemStatus>1</ItemStatus>
    </Item>
    <Item>
      <PriceUpdateDate>2025-03-14 17:56</PriceUpdateDate>
      <ItemCode>7290000208428</ItemCode>
      <ItemType>1</ItemType>
      <ItemName>חומוס יכין שלם 550 גר A/2</ItemName>
      <ManufacturerName>לא ידוע</ManufacturerName>
      <ManufactureCountry>לא ידוע</ManufactureCountry>
      <ManufacturerItemDescription>חומוס יכין שלם 550 ג</ManufacturerItemDescription>
      <UnitQty>גרמים</UnitQty>
      <Quantity>550.00</Quantity>
      <bIsWeighted>0</bIsWeighted>
      <UnitOfMeasure>100 גרם</UnitOfMeasure>
      <QtyInPackage>1</QtyInPackage>
      <ItemPrice>11.90</ItemPrice>
      <UnitOfMeasurePrice>2.16</UnitOfMeasurePrice>
      <AllowDiscount>1</AllowDiscount>
      <ItemStatus>1</ItemStatus>
    </Item>
    <Item>
      <PriceUpdateDate>2025-03-14 17:56</PriceUpdateDate>
      <ItemCode>7290000208459</ItemCode>
      <ItemType>1</ItemType>
      <ItemName>לקט תפוחי אדמה A2 יכין 550 גר</ItemName>
      <ManufacturerName>לא ידוע</ManufacturerName>
      <ManufactureCountry>לא ידוע</ManufactureCountry>
      <ManufacturerItemDescription>לקט תפוחי אדמה A2 יכ</ManufacturerItemDescription>
      <UnitQty>גרמים</UnitQty>
      <Quantity>550.00</Quantity>
      <bIsWeighted>0</bIsWeighted>
      <UnitOfMeasure>100 גרם</UnitOfMeasure>
      <QtyInPackage>1</QtyInPackage>
      <ItemPrice>13.50</ItemPrice>
      <UnitOfMeasurePrice>2.45</UnitOfMeasurePrice>
      <AllowDiscount>1</AllowDiscount>
      <ItemStatus>1</ItemStatus>
    </Item>
    <Item>
      <PriceUpdateDate>2025-03-14 17:56</PriceUpdateDate>
      <ItemCode>7290000208534</ItemCode>
      <ItemType>1</ItemType>
      <ItemName>תירס קיד יכין 550 גר</ItemName>
      <ManufacturerName>לא ידוע</ManufacturerName>
      <ManufactureCountry>לא ידוע</ManufactureCountry>
      <ManufacturerItemDescription>תירס קיד יכין 550 גר</ManufacturerItemDescription>
      <UnitQty>גרמים</UnitQty>
      <Quantity>550.00</Quantity>
      <bIsWeighted>0</bIsWeighted>
      <UnitOfMeasure>100 גרם</UnitOfMeasure>
      <QtyInPackage>1</QtyInPackage>
      <ItemPrice>11.90</ItemPrice>
      <UnitOfMeasurePrice>2.16</UnitOfMeasurePrice>
      <AllowDiscount>1</AllowDiscount>
      <ItemStatus>1</ItemStatus>
    </Item>
    <Item>
      <PriceUpdateDate>2024-01-07 06:10</PriceUpdateDate>
      <ItemCode>7290000208800</ItemCode>
      <ItemType>1</ItemType>
      <ItemName>תירס ואקום קיד 400 גרם יכין</ItemName>
      <ManufacturerName>לא ידוע</ManufacturerName>
      <ManufactureCountry>לא ידוע</ManufactureCountry>
      <ManufacturerItemDescription>תירס ואקום קיד 400 ג</ManufacturerItemDescription>
      <UnitQty>גרמים</UnitQty>
      <Quantity>400.00</Quantity>
      <bIsWeighted>0</bIsWeighted>
      <UnitOfMeasure>100 גרם</UnitOfMeasure>
      <QtyInPackage>1</QtyInPackage>
      <ItemPrice>8.90</ItemPrice>
      <UnitOfMeasurePrice>2.23</UnitOfMeasurePrice>
      <AllowDiscount>1</AllowDiscount>
      <ItemStatus>1</ItemStatus>
    </Item>
    <Item>
      <PriceUpdateDate>2025-03-14 17:56</PriceUpdateDate>
      <ItemCode>7290000208855</ItemCode>
      <ItemType>1</ItemType>
      <ItemName>רוטב לפסטה 260 גרם יכין</ItemName>
      <ManufacturerName>לא ידוע</ManufacturerName>
      <ManufactureCountry>לא ידוע</ManufactureCountry>
      <ManufacturerItemDescription>רוטב לפסטה 260 גרם י</ManufacturerItemDescription>
      <UnitQty>מיליליטרים</UnitQty>
      <Quantity>260.00</Quantity>
      <bIsWeighted>0</bIsWeighted>
      <UnitOfMeasure>100 מ"ל</UnitOfMeasure>
      <QtyInPackage>1</QtyInPackage>
      <ItemPrice>8.50</ItemPrice>
      <UnitOfMeasurePrice>3.27</UnitOfMeasurePrice>
      <AllowDiscount>1</AllowDiscount>
      <ItemStatus>1</ItemStatus>
    </Item>
    <Item>
      <PriceUpdateDate>2024-01-07 06:17</PriceUpdateDate>
      <ItemCode>7290000208893</ItemCode>
      <ItemType>1</ItemType>
      <ItemName>תירס ואקום לייט 400 גרם יכין</ItemName>
      <ManufacturerName>לא ידוע</ManufacturerName>
      <ManufactureCountry>לא ידוע</ManufactureCountry>
      <ManufacturerItemDescription>תירס ואקום לייט 400 </ManufacturerItemDescription>
      <UnitQty>גרמים</UnitQty>
      <Quantity>400.00</Quantity>
      <bIsWeighted>0</bIsWeighted>
      <UnitOfMeasure>100 גרם</UnitOfMeasure>
      <QtyInPackage>1</QtyInPackage>
      <ItemPrice>8.90</ItemPrice>
      <UnitOfMeasurePrice>2.23</UnitOfMeasurePrice>
      <AllowDiscount>1</AllowDiscount>
      <ItemStatus>1</ItemStatus>
    </Item>
    <Item>
      <PriceUpdateDate>2025-03-14 17:56</PriceUpdateDate>
      <ItemCode>7290000208947</ItemCode>
      <ItemType>1</ItemType>
      <ItemName>עגבניות מרוסקות 260 גרם יכין</ItemName>
      <ManufacturerName>לא ידוע</ManufacturerName>
      <ManufactureCountry>לא ידוע</ManufactureCountry>
      <ManufacturerItemDescription>עגבניות מרוסקות 260 </ManufacturerItemDescription>
      <UnitQty>גרמים</UnitQty>
      <Quantity>260.00</Quantity>
      <bIsWeighted>0</bIsWeighted>
      <UnitOfMeasure>100 גרם</UnitOfMeasure>
      <QtyInPackage>1</QtyInPackage>
      <ItemPrice>8.50</ItemPrice>
      <UnitOfMeasurePrice>3.27</UnitOfMeasurePrice>
      <AllowDiscount>1</AllowDiscount>
      <ItemStatus>1</ItemStatus>
    </Item>
    <Item>
      <PriceUpdateDate>2024-12-02 15:21</PriceUpdateDate>
      <ItemCode>7290000208978</ItemCode>
      <ItemType>1</ItemType>
      <ItemName>רסק עגבניות פריכוז 100 גרם</ItemName>
      <ManufacturerName>לא ידוע</ManufacturerName>
      <ManufactureCountry>לא ידוע</ManufactureCountry>
      <ManufacturerItemDescription>רסק עגבניות פריכוז 1</ManufacturerItemDescription>
      <UnitQty>גרמים</UnitQty>
      <Quantity>100.00</Quantity>
      <bIsWeighted>0</bIsWeighted>
      <UnitOfMeasure>100 גרם</UnitOfMeasure>
      <QtyInPackage>1</QtyInPackage>
      <ItemPrice>4.40</ItemPrice>
      <UnitOfMeasurePrice>4.40</UnitOfMeasurePrice>
      <AllowDiscount>1</AllowDiscount>
      <ItemStatus>1</ItemStatus>
    </Item>
    <Item>
      <PriceUpdateDate>2022-07-29 10:30</PriceUpdateDate>
      <ItemCode>7290000209012</ItemCode>
      <ItemType>1</ItemType>
      <ItemName>חומץ הדרים 1 ליטר</ItemName>
      <ManufacturerName>לא ידוע</ManufacturerName>
      <ManufactureCountry>לא ידוע</ManufactureCountry>
      <ManufacturerItemDescription>חומץ הדרים 1 ליטר   </ManufacturerItemDescription>
      <UnitQty>מיליליטרים</UnitQty>
      <Quantity>1000.00</Quantity>
      <bIsWeighted>0</bIsWeighted>
      <UnitOfMeasure>100 מ"ל</UnitOfMeasure>
      <QtyInPackage>1</QtyInPackage>
      <ItemPrice>6.90</ItemPrice>
      <UnitOfMeasurePrice>0.69</UnitOfMeasurePrice>
      <AllowDiscount>1</AllowDiscount>
      <ItemStatus>1</ItemStatus>
    </Item>
    <Item>
      <PriceUpdateDate>2025-03-14 17:57</PriceUpdateDate>
      <ItemCode>7290000209371</ItemCode>
      <ItemType>1</ItemType>
      <ItemName>שלישיית תירס יכין 165 גר OZ 6</ItemName>
      <ManufacturerName>לא ידוע</ManufacturerName>
      <ManufactureCountry>לא ידוע</ManufactureCountry>
      <ManufacturerItemDescription>שלישיית תירס יכין 16</ManufacturerItemDescription>
      <UnitQty>גרמים</UnitQty>
      <Quantity>165.00</Quantity>
      <bIsWeighted>0</bIsWeighted>
      <UnitOfMeasure>100 גרם</UnitOfMeasure>
      <QtyInPackage>1</QtyInPackage>
      <ItemPrice>17.90</ItemPrice>
      <UnitOfMeasurePrice>10.85</UnitOfMeasurePrice>
      <AllowDiscount>1</AllowDiscount>
      <ItemStatus>1</ItemStatus>
    </Item>
    <Item>
      <PriceUpdateDate>2025-03-14 17:56</PriceUpdateDate>
      <ItemCode>7290000209388</ItemCode>
      <ItemType>1</ItemType>
      <ItemName>שלישיית תירס לייט יכין 165 גר OZ 6</ItemName>
      <ManufacturerName>לא ידוע</ManufacturerName>
      <ManufactureCountry>לא ידוע</ManufactureCountry>
      <ManufacturerItemDescription>שלישיית תירס לייט יכ</ManufacturerItemDescription>
      <UnitQty>גרמים</UnitQty>
      <Quantity>165.00</Quantity>
      <bIsWeighted>0</bIsWeighted>
      <UnitOfMeasure>100 גרם</UnitOfMeasure>
      <QtyInPackage>1</QtyInPackage>
      <ItemPrice>17.90</ItemPrice>
      <UnitOfMeasurePrice>10.85</UnitOfMeasurePrice>
      <AllowDiscount>1</AllowDiscount>
      <ItemStatus>1</ItemStatus>
    </Item>
    <Item>
      <PriceUpdateDate>2025-03-14 17:56</PriceUpdateDate>
      <ItemCode>7290000209708</ItemCode>
      <ItemType>1</ItemType>
      <ItemName>עגבניות +בזיליקום 260 גרם יכין</ItemName>
      <ManufacturerName>לא ידוע</ManufacturerName>
      <ManufactureCountry>לא ידוע</ManufactureCountry>
      <ManufacturerItemDescription>עגבניות +בזיליקום 26</ManufacturerItemDescription>
      <UnitQty>גרמים</UnitQty>
      <Quantity>260.00</Quantity>
      <bIsWeighted>0</bIsWeighted>
      <UnitOfMeasure>100 גרם</UnitOfMeasure>
      <QtyInPackage>1</QtyInPackage>
      <ItemPrice>8.50</ItemPrice>
      <UnitOfMeasurePrice>3.27</UnitOfMeasurePrice>
      <AllowDiscount>1</AllowDiscount>
      <ItemStatus>1</ItemStatus>
    </Item>
    <Item>
      <PriceUpdateDate>2025-03-14 17:56</PriceUpdateDate>
      <ItemCode>7290000209722</ItemCode>
      <ItemType>1</ItemType>
      <ItemName>רסק עגבניות פריכוז A2 580</ItemName>
      <ManufacturerName>לא ידוע</ManufacturerName>
      <ManufactureCountry>לא ידוע</ManufactureCountry>
      <ManufacturerItemDescription>רסק עגבניות פריכוז A</ManufacturerItemDescription>
      <UnitQty>גרמים</UnitQty>
      <Quantity>580.00</Quantity>
      <bIsWeighted>0</bIsWeighted>
      <UnitOfMeasure>100 גרם</UnitOfMeasure>
      <QtyInPackage>1</QtyInPackage>
      <ItemPrice>14.20</ItemPrice>
      <UnitOfMeasurePrice>2.45</UnitOfMeasurePrice>
      <AllowDiscount>1</AllowDiscount>
      <ItemStatus>1</ItemStatus>
    </Item>
    <Item>
      <PriceUpdateDate>2025-03-14 17:56</PriceUpdateDate>
      <ItemCode>7290000209906</ItemCode>
      <ItemType>1</ItemType>
      <ItemName>עגבניות מרוסקות עם בצל 260 גרם יכין</ItemName>
      <ManufacturerName>לא ידוע</ManufacturerName>
      <ManufactureCountry>לא ידוע</ManufactureCountry>
      <ManufacturerItemDescription>עגבניות מרוסקות עם ב</ManufacturerItemDescription>
      <UnitQty>גרמים</UnitQty>
      <Quantity>260.00</Quantity>
      <bIsWeighted>0</bIsWeighted>
      <UnitOfMeasure>100 גרם</UnitOfMeasure>
      <QtyInPackage>1</QtyInPackage>
      <ItemPrice>8.50</ItemPrice>
      <UnitOfMeasurePrice>3.27</UnitOfMeasurePrice>
      <AllowDiscount>1</AllowDiscount>
      <ItemStatus>1</ItemStatus>
    </Item>
    <Item>
      <PriceUpdateDate>2025-03-14 17:56</PriceUpdateDate>
      <ItemCode>7290000209944</ItemCode>
      <ItemType>1</ItemType>
      <ItemName>רוטב  עגבניות לשקשוקה 260 גרם יכין</ItemName>
      <ManufacturerName>לא ידוע</ManufacturerName>
      <ManufactureCountry>לא ידוע</ManufactureCountry>
      <ManufacturerItemDescription>רוטב  עגבניות לשקשוק</ManufacturerItemDescription>
      <UnitQty>גרמים</UnitQty>
      <Quantity>260.00</Quantity>
      <bIsWeighted>0</bIsWeighted>
      <UnitOfMeasure>100 גרם</UnitOfMeasure>
      <QtyInPackage>1</QtyInPackage>
      <ItemPrice>8.50</ItemPrice>
      <UnitOfMeasurePrice>3.27</UnitOfMeasurePrice>
      <AllowDiscount>1</AllowDiscount>
      <ItemStatus>1</ItemStatus>
    </Item>
    <Item>
      <PriceUpdateDate>2025-03-14 17:56</PriceUpdateDate>
      <ItemCode>7290000209951</ItemCode>
      <ItemType>1</ItemType>
      <ItemName>רוטב  עגבניות לפיצה 260 גרם יכין</ItemName>
      <ManufacturerName>לא ידוע</ManufacturerName>
      <ManufactureCountry>לא ידוע</ManufactureCountry>
      <ManufacturerItemDescription>רוטב  עגבניות לפיצה </ManufacturerItemDescription>
      <UnitQty>גרמים</UnitQty>
      <Quantity>260.00</Quantity>
      <bIsWeighted>0</bIsWeighted>
      <UnitOfMeasure>100 גרם</UnitOfMeasure>
      <QtyInPackage>1</QtyInPackage>
      <ItemPrice>8.50</ItemPrice>
      <UnitOfMeasurePrice>3.27</UnitOfMeasurePrice>
      <AllowDiscount>1</AllowDiscount>
      <ItemStatus>1</ItemStatus>
    </Item>
    <Item>
      <PriceUpdateDate>2025-03-14 17:56</PriceUpdateDate>
      <ItemCode>7290000210896</ItemCode>
      <ItemType>1</ItemType>
      <ItemName>רוטב בולונז 260 גרם יכין</ItemName>
      <ManufacturerName>לא ידוע</ManufacturerName>
      <ManufactureCountry>לא ידוע</ManufactureCountry>
      <ManufacturerItemDescription>רוטב בולונז 260 גרם </ManufacturerItemDescription>
      <UnitQty>מיליליטרים</UnitQty>
      <Quantity>260.00</Quantity>
      <bIsWeighted>0</bIsWeighted>
      <UnitOfMeasure>100 מ"ל</UnitOfMeasure>
      <QtyInPackage>1</QtyInPackage>
      <ItemPrice>8.50</ItemPrice>
      <UnitOfMeasurePrice>3.27</UnitOfMeasurePrice>
      <AllowDiscount>1</AllowDiscount>
      <ItemStatus>1</ItemStatus>
    </Item>
    <Item>
      <PriceUpdateDate>2025-08-13 14:50</PriceUpdateDate>
      <ItemCode>7290000211442</ItemCode>
      <ItemType>1</ItemType>
      <ItemName>אורז פרסי 1 ק"ג סוגת</ItemName>
      <ManufacturerName>לא ידוע</ManufacturerName>
      <ManufactureCountry>לא ידוע</ManufactureCountry>
      <ManufacturerItemDescription>אורז פרסי 1 ק"ג     </ManufacturerItemDescription>
      <UnitQty>גרמים</UnitQty>
      <Quantity>1000.00</Quantity>
      <bIsWeighted>0</bIsWeighted>
      <UnitOfMeasure>100 גרם</UnitOfMeasure>
      <QtyInPackage>1</QtyInPackage>
      <ItemPrice>12.90</ItemPrice>
      <UnitOfMeasurePrice>1.29</UnitOfMeasurePrice>
      <AllowDiscount>1</AllowDiscount>
      <ItemStatus>1</ItemStatus>
    </Item>
    <Item>
      <PriceUpdateDate>2024-04-20 09:08</PriceUpdateDate>
      <ItemCode>7290000211503</ItemCode>
      <ItemType>1</ItemType>
      <ItemName>סוכר לבן 1 ק"ג</ItemName>
      <ManufacturerName>לא ידוע</ManufacturerName>
      <ManufactureCountry>לא ידוע</ManufactureCountry>
      <ManufacturerItemDescription>סוכר לבן 1 ק"ג      </ManufacturerItemDescription>
      <UnitQty>גרמים</UnitQty>
      <Quantity>1000.00</Quantity>
      <bIsWeighted>0</bIsWeighted>
      <UnitOfMeasure>100 גרם</UnitOfMeasure>
      <QtyInPackage>1</QtyInPackage>
      <ItemPrice>5.90</ItemPrice>
      <UnitOfMeasurePrice>0.59</UnitOfMeasurePrice>
      <AllowDiscount>1</AllowDiscount>
      <ItemStatus>1</ItemStatus>
    </Item>
    <Item>
      <PriceUpdateDate>2025-01-23 07:42</PriceUpdateDate>
      <ItemCode>7290000211985</ItemCode>
      <ItemType>1</ItemType>
      <ItemName>אורז עגול 1 קג</ItemName>
      <ManufacturerName>לא ידוע</ManufacturerName>
      <ManufactureCountry>לא ידוע</ManufactureCountry>
      <ManufacturerItemDescription>אורז עגול 1 קג      </ManufacturerItemDescription>
      <UnitQty>גרמים</UnitQty>
      <Quantity>1000.00</Quantity>
      <bIsWeighted>0</bIsWeighted>
      <UnitOfMeasure>100 גרם</UnitOfMeasure>
      <QtyInPackage>1</QtyInPackage>
      <ItemPrice>13.90</ItemPrice>
      <UnitOfMeasurePrice>1.39</UnitOfMeasurePrice>
      <AllowDiscount>1</AllowDiscount>
      <ItemStatus>1</ItemStatus>
    </Item>
    <Item>
      <PriceUpdateDate>2021-01-20 21:12</PriceUpdateDate>
      <ItemCode>7290000222202</ItemCode>
      <ItemType>1</ItemType>
      <ItemName>אספרסו</ItemName>
      <ManufacturerName>לא ידוע</ManufacturerName>
      <ManufactureCountry>IL</ManufactureCountry>
      <ManufacturerItemDescription>אספרסו              </ManufacturerItemDescription>
      <UnitQty>Unknown</UnitQty>
      <Quantity>0.00</Quantity>
      <bIsWeighted>0</bIsWeighted>
      <UnitOfMeasure>Unknown</UnitOfMeasure>
      <QtyInPackage>1</QtyInPackage>
      <ItemPrice>8.00</ItemPrice>
      <UnitOfMeasurePrice>8.00</UnitOfMeasurePrice>
      <AllowDiscount>1</AllowDiscount>
      <ItemStatus>1</ItemStatus>
    </Item>
    <Item>
      <PriceUpdateDate>2023-06-20 09:46</PriceUpdateDate>
      <ItemCode>7290000238029</ItemCode>
      <ItemType>1</ItemType>
      <ItemName>בצק עלים מרודד 1 ק"ג מעדנות</ItemName>
      <ManufacturerName>לא ידוע</ManufacturerName>
      <ManufactureCountry>לא ידוע</ManufactureCountry>
      <ManufacturerItemDescription>בצק עלים מרודד 1 ק"ג</ManufacturerItemDescription>
      <UnitQty>גרמים</UnitQty>
      <Quantity>1000.00</Quantity>
      <bIsWeighted>0</bIsWeighted>
      <UnitOfMeasure>100 גרם</UnitOfMeasure>
      <QtyInPackage>1</QtyInPackage>
      <ItemPrice>25.90</ItemPrice>
      <UnitOfMeasurePrice>2.59</UnitOfMeasurePrice>
      <AllowDiscount>1</AllowDiscount>
      <ItemStatus>1</ItemStatus>
    </Item>
    <Item>
      <PriceUpdateDate>2025-01-23 07:42</PriceUpdateDate>
      <ItemCode>7290000238036</ItemCode>
      <ItemType>1</ItemType>
      <ItemName>מלאווח 700גר מעדנות</ItemName>
      <ManufacturerName>לא ידוע</ManufacturerName>
      <ManufactureCountry>לא ידוע</ManufactureCountry>
      <ManufacturerItemDescription>מלאווח מעדנות 700 גר</ManufacturerItemDescription>
      <UnitQty>גרמים</UnitQty>
      <Quantity>700.00</Quantity>
      <bIsWeighted>0</bIsWeighted>
      <UnitOfMeasure>100 גרם</UnitOfMeasure>
      <QtyInPackage>1</QtyInPackage>
      <ItemPrice>21.90</ItemPrice>
      <UnitOfMeasurePrice>3.13</UnitOfMeasurePrice>
      <AllowDiscount>1</AllowDiscount>
      <ItemStatus>1</ItemStatus>
    </Item>
    <Item>
      <PriceUpdateDate>2025-01-15 10:18</PriceUpdateDate>
      <ItemCode>7290000238173</ItemCode>
      <ItemType>1</ItemType>
      <ItemName>בורקס גבינה מעדנות 800גר</ItemName>
      <ManufacturerName>לא ידוע</ManufacturerName>
      <ManufactureCountry>לא ידוע</ManufactureCountry>
      <ManufacturerItemDescription>בורקס גבינה מעדנות  </ManufacturerItemDescription>
      <UnitQty>גרמים</UnitQty>
      <Quantity>800.00</Quantity>
      <bIsWeighted>0</bIsWeighted>
      <UnitOfMeasure>100 גרם</UnitOfMeasure>
      <QtyInPackage>1</QtyInPackage>
      <ItemPrice>26.90</ItemPrice>
      <UnitOfMeasurePrice>3.36</UnitOfMeasurePrice>
      <AllowDiscount>1</AllowDiscount>
      <ItemStatus>1</ItemStatus>
    </Item>
    <Item>
      <PriceUpdateDate>2023-08-20 11:18</PriceUpdateDate>
      <ItemCode>7290000253251</ItemCode>
      <ItemType>1</ItemType>
      <ItemName>שוקו ציפס לבן אופנהיימר 300 גר</ItemName>
      <ManufacturerName>לא ידוע</ManufacturerName>
      <ManufactureCountry>ישראל</ManufactureCountry>
      <ManufacturerItemDescription>שוקו ציפס לבן אופנהי</ManufacturerItemDescription>
      <UnitQty>גרמים</UnitQty>
      <Quantity>250.00</Quantity>
      <bIsWeighted>0</bIsWeighted>
      <UnitOfMeasure>100 גרם</UnitOfMeasure>
      <QtyInPackage>1</QtyInPackage>
      <ItemPrice>14.90</ItemPrice>
      <UnitOfMeasurePrice>5.96</UnitOfMeasurePrice>
      <AllowDiscount>1</AllowDiscount>
      <ItemStatus>1</ItemStatus>
    </Item>
    <Item>
      <PriceUpdateDate>2025-01-23 07:42</PriceUpdateDate>
      <ItemCode>7290000267036</ItemCode>
      <ItemType>1</ItemType>
      <ItemName>שקד מולבן משובב 100 גרם</ItemName>
      <ManufacturerName>לא ידוע</ManufacturerName>
      <ManufactureCountry>לא ידוע</ManufactureCountry>
      <ManufacturerItemDescription>שקד מולבן משובב 100 </ManufacturerItemDescription>
      <UnitQty>גרמים</UnitQty>
      <Quantity>100.00</Quantity>
      <bIsWeighted>0</bIsWeighted>
      <UnitOfMeasure>100 גרם</UnitOfMeasure>
      <QtyInPackage>1</QtyInPackage>
      <ItemPrice>14.90</ItemPrice>
      <UnitOfMeasurePrice>14.90</UnitOfMeasurePrice>
      <AllowDiscount>1</AllowDiscount>
      <ItemStatus>1</ItemStatus>
    </Item>
    <Item>
      <PriceUpdateDate>2025-01-23 07:42</PriceUpdateDate>
      <ItemCode>7290000267043</ItemCode>
      <ItemType>1</ItemType>
      <ItemName>שקד מולבן פרוס 100 גרם</ItemName>
      <ManufacturerName>לא ידוע</ManufacturerName>
      <ManufactureCountry>לא ידוע</ManufactureCountry>
      <ManufacturerItemDescription>שקד מולבן פרוס 100 ג</ManufacturerItemDescription>
      <UnitQty>גרמים</UnitQty>
      <Quantity>100.00</Quantity>
      <bIsWeighted>0</bIsWeighted>
      <UnitOfMeasure>100 גרם</UnitOfMeasure>
      <QtyInPackage>1</QtyInPackage>
      <ItemPrice>14.90</ItemPrice>
      <UnitOfMeasurePrice>14.90</UnitOfMeasurePrice>
      <AllowDiscount>1</AllowDiscount>
      <ItemStatus>1</ItemStatus>
    </Item>
    <Item>
      <PriceUpdateDate>2025-01-23 07:42</PriceUpdateDate>
      <ItemCode>7290000272726</ItemCode>
      <ItemType>1</ItemType>
      <ItemName>חומץ טבעי עסיס 5% -1 ליטר</ItemName>
      <ManufacturerName>לא ידוע</ManufacturerName>
      <ManufactureCountry>לא ידוע</ManufactureCountry>
      <ManufacturerItemDescription>חומץ טבעי עסיס 5% -1</ManufacturerItemDescription>
      <UnitQty>מיליליטרים</UnitQty>
      <Quantity>1000.00</Quantity>
      <bIsWeighted>0</bIsWeighted>
      <UnitOfMeasure>100 מ"ל</UnitOfMeasure>
      <QtyInPackage>1</QtyInPackage>
      <ItemPrice>8.90</ItemPrice>
      <UnitOfMeasurePrice>0.89</UnitOfMeasurePrice>
      <AllowDiscount>1</AllowDiscount>
      <ItemStatus>1</ItemStatus>
    </Item>
    <Item>
      <PriceUpdateDate>2022-06-09 17:50</PriceUpdateDate>
      <ItemCode>7290000286228</ItemCode>
      <ItemType>1</ItemType>
      <ItemName>סנו סושי כרית יפנית שישייה</ItemName>
      <ManufacturerName>לא ידוע</ManufacturerName>
      <ManufactureCountry>לא ידוע</ManufactureCountry>
      <ManufacturerItemDescription>סנו סושי כרית יפנית </ManufacturerItemDescription>
      <UnitQty>Unknown</UnitQty>
      <Quantity>0.00</Quantity>
      <bIsWeighted>0</bIsWeighted>
      <UnitOfMeasure>Unknown</UnitOfMeasure>
      <QtyInPackage>1</QtyInPackage>
      <ItemPrice>14.60</ItemPrice>
      <UnitOfMeasurePrice>14.60</UnitOfMeasurePrice>
      <AllowDiscount>1</AllowDiscount>
      <ItemStatus>1</ItemStatus>
    </Item>
    <Item>
      <PriceUpdateDate>2025-03-11 15:24</PriceUpdateDate>
      <ItemCode>7290000288017</ItemCode>
      <ItemType>1</ItemType>
      <ItemName>סנו זאוול לימון 1 ליטר</ItemName>
      <ManufacturerName>לא ידוע</ManufacturerName>
      <ManufactureCountry>לא ידוע</ManufactureCountry>
      <ManufacturerItemDescription>סנו זאוול לימון 1 לי</ManufacturerItemDescription>
      <UnitQty>מיליליטרים</UnitQty>
      <Quantity>1000.00</Quantity>
      <bIsWeighted>0</bIsWeighted>
      <UnitOfMeasure>100 מ"ל</UnitOfMeasure>
      <QtyInPackage>1</QtyInPackage>
      <ItemPrice>10.90</ItemPrice>
      <UnitOfMeasurePrice>1.09</UnitOfMeasurePrice>
      <AllowDiscount>1</AllowDiscount>
      <ItemStatus>1</ItemStatus>
    </Item>
    <Item>
      <PriceUpdateDate>2022-04-30 14:53</PriceUpdateDate>
      <ItemCode>7290000288024</ItemCode>
      <ItemType>1</ItemType>
      <ItemName>סנו זאוול לימון 4 ליטר</ItemName>
      <ManufacturerName>לא ידוע</ManufacturerName>
      <ManufactureCountry>לא ידוע</ManufactureCountry>
      <ManufacturerItemDescription>אקונומיקה בריח לימון</ManufacturerItemDescription>
      <UnitQty>ליטרים</UnitQty>
      <Quantity>0.00</Quantity>
      <bIsWeighted>0</bIsWeighted>
      <UnitOfMeasure>ליטר</UnitOfMeasure>
      <QtyInPackage>1</QtyInPackage>
      <ItemPrice>17.90</ItemPrice>
      <UnitOfMeasurePrice>17.90</UnitOfMeasurePrice>
      <AllowDiscount>1</AllowDiscount>
      <ItemStatus>1</ItemStatus>
    </Item>
    <Item>
      <PriceUpdateDate>2022-04-28 16:03</PriceUpdateDate>
      <ItemCode>7290000289069</ItemCode>
      <ItemType>1</ItemType>
      <ItemName>סנו זאוול מרסס לימון 1 ליטר</ItemName>
      <ManufacturerName>לא ידוע</ManufacturerName>
      <ManufactureCountry>לא ידוע</ManufactureCountry>
      <ManufacturerItemDescription>סנו זאוול מרסס לימון</ManufacturerItemDescription>
      <UnitQty>מיליליטרים</UnitQty>
      <Quantity>1000.00</Quantity>
      <bIsWeighted>0</bIsWeighted>
      <UnitOfMeasure>100 מ"ל</UnitOfMeasure>
      <QtyInPackage>1</QtyInPackage>
      <ItemPrice>19.90</ItemPrice>
      <UnitOfMeasurePrice>1.99</UnitOfMeasurePrice>
      <AllowDiscount>1</AllowDiscount>
      <ItemStatus>1</ItemStatus>
    </Item>
    <Item>
      <PriceUpdateDate>2021-12-06 17:23</PriceUpdateDate>
      <ItemCode>7290000292687</ItemCode>
      <ItemType>1</ItemType>
      <ItemName>סנובון כחול שלישייה</ItemName>
      <ManufacturerName>לא ידוע</ManufacturerName>
      <ManufactureCountry>לא ידוע</ManufactureCountry>
      <ManufacturerItemDescription>סנובון כחול שלישייה </ManufacturerItemDescription>
      <UnitQty>Unknown</UnitQty>
      <Quantity>0.00</Quantity>
      <bIsWeighted>0</bIsWeighted>
      <UnitOfMeasure>Unknown</UnitOfMeasure>
      <QtyInPackage>1</QtyInPackage>
      <ItemPrice>17.90</ItemPrice>
      <UnitOfMeasurePrice>17.90</UnitOfMeasurePrice>
      <AllowDiscount>1</AllowDiscount>
      <ItemStatus>1</ItemStatus>
    </Item>
    <Item>
      <PriceUpdateDate>2022-09-14 13:49</PriceUpdateDate>
      <ItemCode>7290000293943</ItemCode>
      <ItemType>1</ItemType>
      <ItemName>סנו אנטי קאלק מרסס</ItemName>
      <ManufacturerName>לא ידוע</ManufacturerName>
      <ManufactureCountry>לא ידוע</ManufactureCountry>
      <ManufacturerItemDescription>מרסס סנו אנטי קאלק 1</ManufacturerItemDescription>
      <UnitQty>מיליליטרים</UnitQty>
      <Quantity>1000.00</Quantity>
      <bIsWeighted>0</bIsWeighted>
      <UnitOfMeasure>100 מ"ל</UnitOfMeasure>
      <QtyInPackage>1</QtyInPackage>
      <ItemPrice>18.90</ItemPrice>
      <UnitOfMeasurePrice>1.89</UnitOfMeasurePrice>
      <AllowDiscount>1</AllowDiscount>
      <ItemStatus>1</ItemStatus>
    </Item>
    <Item>
      <PriceUpdateDate>2025-03-11 15:24</PriceUpdateDate>
      <ItemCode>7290000295336</ItemCode>
      <ItemType>1</ItemType>
      <ItemName>סנו מקסימה סנסטיב שקית 1.25קג</ItemName>
      <ManufacturerName>לא ידוע</ManufacturerName>
      <ManufactureCountry>לא ידוע</ManufactureCountry>
      <ManufacturerItemDescription>סנו מקסימה סנסטיב שק</ManufacturerItemDescription>
      <UnitQty>קילוגרמים</UnitQty>
      <Quantity>0.00</Quantity>
      <bIsWeighted>0</bIsWeighted>
      <UnitOfMeasure>ק"ג</UnitOfMeasure>
      <QtyInPackage>1</QtyInPackage>
      <ItemPrice>18.50</ItemPrice>
      <UnitOfMeasurePrice>18.50</UnitOfMeasurePrice>
      <AllowDiscount>1</AllowDiscount>
      <ItemStatus>1</ItemStatus>
    </Item>
    <Item>
      <PriceUpdateDate>2021-01-10 13:06</PriceUpdateDate>
      <ItemCode>7290000295404</ItemCode>
      <ItemType>1</ItemType>
      <ItemName>סנו סושי אשפה  60 שקיות 50/70</ItemName>
      <ManufacturerName>לא ידוע</ManufacturerName>
      <ManufactureCountry>לא ידוע</ManufactureCountry>
      <ManufacturerItemDescription>סנו סושי אשפה  60 שק</ManufacturerItemDescription>
      <UnitQty>Unknown</UnitQty>
      <Quantity>0.00</Quantity>
      <bIsWeighted>0</bIsWeighted>
      <UnitOfMeasure>Unknown</UnitOfMeasure>
      <QtyInPackage>1</QtyInPackage>
      <ItemPrice>23.90</ItemPrice>
      <UnitOfMeasurePrice>23.90</UnitOfMeasurePrice>
      <AllowDiscount>1</AllowDiscount>
      <ItemStatus>1</ItemStatus>
    </Item>
    <Item>
      <PriceUpdateDate>2021-01-10 13:06</PriceUpdateDate>
      <ItemCode>7290000295503</ItemCode>
      <ItemType>1</ItemType>
      <ItemName>סנו סושי 150 שקיות בקרטון צמד</ItemName>
      <ManufacturerName>לא ידוע</ManufacturerName>
      <ManufactureCountry>לא ידוע</ManufactureCountry>
      <ManufacturerItemDescription>סנו סושי 150 שקיות ב</ManufacturerItemDescription>
      <UnitQty>Unknown</UnitQty>
      <Quantity>0.00</Quantity>
      <bIsWeighted>0</bIsWeighted>
      <UnitOfMeasure>Unknown</UnitOfMeasure>
      <QtyInPackage>1</QtyInPackage>
      <ItemPrice>15.50</ItemPrice>
      <UnitOfMeasurePrice>15.50</UnitOfMeasurePrice>
      <AllowDiscount>1</AllowDiscount>
      <ItemStatus>1</ItemStatus>
    </Item>
    <Item>
      <PriceUpdateDate>2024-01-23 15:43</PriceUpdateDate>
      <ItemCode>7290000295541</ItemCode>
      <ItemType>1</ItemType>
      <ItemName>סנו רב מגבת גמבו</ItemName>
      <ManufacturerName>לא ידוע</ManufacturerName>
      <ManufactureCountry>לא ידוע</ManufactureCountry>
      <ManufacturerItemDescription>סנו רב מגבת גמבו    </ManufacturerItemDescription>
      <UnitQty>מטרים</UnitQty>
      <Quantity>21.00</Quantity>
      <bIsWeighted>0</bIsWeighted>
      <UnitOfMeasure>מטר</UnitOfMeasure>
      <QtyInPackage>1</QtyInPackage>
      <ItemPrice>21.90</ItemPrice>
      <UnitOfMeasurePrice>1.04</UnitOfMeasurePrice>
      <AllowDiscount>1</AllowDiscount>
      <ItemStatus>1</ItemStatus>
    </Item>
    <Item>
      <PriceUpdateDate>2025-03-11 15:24</PriceUpdateDate>
      <ItemCode>7290000295558</ItemCode>
      <ItemType>1</ItemType>
      <ItemName>סנו סושי צמד רדידי אלומיניום</ItemName>
      <ManufacturerName>לא ידוע</ManufacturerName>
      <ManufactureCountry>לא ידוע</ManufactureCountry>
      <ManufacturerItemDescription>סנו סושי צמד רדידי א</ManufacturerItemDescription>
      <UnitQty>מטרים</UnitQty>
      <Quantity>15.00</Quantity>
      <bIsWeighted>0</bIsWeighted>
      <UnitOfMeasure>מטר</UnitOfMeasure>
      <QtyInPackage>1</QtyInPackage>
      <ItemPrice>15.20</ItemPrice>
      <UnitOfMeasurePrice>1.01</UnitOfMeasurePrice>
      <AllowDiscount>1</AllowDiscount>
      <ItemStatus>1</ItemStatus>
    </Item>
    <Item>
      <PriceUpdateDate>2025-01-23 07:42</PriceUpdateDate>
      <ItemCode>7290000300900</ItemCode>
      <ItemType>1</ItemType>
      <ItemName>שניצל תירס 750 גרם טבעול</ItemName>
      <ManufacturerName>לא ידוע</ManufacturerName>
      <ManufactureCountry>לא ידוע</ManufactureCountry>
      <ManufacturerItemDescription>שניצל תירס 750 גרם  </ManufacturerItemDescription>
      <UnitQty>גרמים</UnitQty>
      <Quantity>750.00</Quantity>
      <bIsWeighted>0</bIsWeighted>
      <UnitOfMeasure>100 גרם</UnitOfMeasure>
      <QtyInPackage>1</QtyInPackage>
      <ItemPrice>41.90</ItemPrice>
      <UnitOfMeasurePrice>5.59</UnitOfMeasurePrice>
      <AllowDiscount>1</AllowDiscount>
      <ItemStatus>1</ItemStatus>
    </Item>
    <Item>
      <PriceUpdateDate>2025-03-25 07:06</PriceUpdateDate>
      <ItemCode>7290000304663</ItemCode>
      <ItemType>1</ItemType>
      <ItemName>סלט טונה פיקנטי יונה 170 גרם</ItemName>
      <ManufacturerName>לא ידוע</ManufacturerName>
      <ManufactureCountry>לא ידוע</ManufactureCountry>
      <ManufacturerItemDescription>סלט טונה פיקנטי יונה</ManufacturerItemDescription>
      <UnitQty>גרמים</UnitQty>
      <Quantity>170.00</Quantity>
      <bIsWeighted>0</bIsWeighted>
      <UnitOfMeasure>100 גרם</UnitOfMeasure>
      <QtyInPackage>1</QtyInPackage>
      <ItemPrice>11.30</ItemPrice>
      <UnitOfMeasurePrice>6.65</UnitOfMeasurePrice>
      <AllowDiscount>1</AllowDiscount>
      <ItemStatus>1</ItemStatus>
    </Item>
    <Item>
      <PriceUpdateDate>2025-03-11 15:18</PriceUpdateDate>
      <ItemCode>7290000313160</ItemCode>
      <ItemType>1</ItemType>
      <ItemName>עוגיות חברים זהבה 3 הדובים שוקו 250 גרם</ItemName>
      <ManufacturerName>לא ידוע</ManufacturerName>
      <ManufactureCountry>לא ידוע</ManufactureCountry>
      <ManufacturerItemDescription>עוגיות חברים זהבה 3 </ManufacturerItemDescription>
      <UnitQty>גרמים</UnitQty>
      <Quantity>250.00</Quantity>
      <bIsWeighted>0</bIsWeighted>
      <UnitOfMeasure>100 גרם</UnitOfMeasure>
      <QtyInPackage>1</QtyInPackage>
      <ItemPrice>13.60</ItemPrice>
      <UnitOfMeasurePrice>5.44</UnitOfMeasurePrice>
      <AllowDiscount>1</AllowDiscount>
      <ItemStatus>1</ItemStatus>
    </Item>
    <Item>
      <PriceUpdateDate>2025-03-06 18:54</PriceUpdateDate>
      <ItemCode>7290000334684</ItemCode>
      <ItemType>1</ItemType>
      <ItemName>טבעות בצל 700 גרם תפוגן</ItemName>
      <ManufacturerName>לא ידוע</ManufacturerName>
      <ManufactureCountry>לא ידוע</ManufactureCountry>
      <ManufacturerItemDescription>טבעות בצל 700 גרם תפ</ManufacturerItemDescription>
      <UnitQty>גרמים</UnitQty>
      <Quantity>700.00</Quantity>
      <bIsWeighted>0</bIsWeighted>
      <UnitOfMeasure>100 גרם</UnitOfMeasure>
      <QtyInPackage>1</QtyInPackage>
      <ItemPrice>24.90</ItemPrice>
      <UnitOfMeasurePrice>3.56</UnitOfMeasurePrice>
      <AllowDiscount>1</AllowDiscount>
      <ItemStatus>1</ItemStatus>
    </Item>
    <Item>
      <PriceUpdateDate>2025-01-23 07:42</PriceUpdateDate>
      <ItemCode>7290000334745</ItemCode>
      <ItemType>1</ItemType>
      <ItemName>תפוגן אמריקן ציפס 1.5 קג</ItemName>
      <ManufacturerName>לא ידוע</ManufacturerName>
      <ManufactureCountry>לא ידוע</ManufactureCountry>
      <ManufacturerItemDescription>תפוגן אמריקן ציפס 1.</ManufacturerItemDescription>
      <UnitQty>קילוגרמים</UnitQty>
      <Quantity>0.00</Quantity>
      <bIsWeighted>0</bIsWeighted>
      <UnitOfMeasure>ק"ג</UnitOfMeasure>
      <QtyInPackage>1</QtyInPackage>
      <ItemPrice>33.90</ItemPrice>
      <UnitOfMeasurePrice>33.90</UnitOfMeasurePrice>
      <AllowDiscount>1</AllowDiscount>
      <ItemStatus>1</ItemStatus>
    </Item>
    <Item>
      <PriceUpdateDate>2025-03-20 12:19</PriceUpdateDate>
      <ItemCode>7290000345055</ItemCode>
      <ItemType>1</ItemType>
      <ItemName>תה ארל גריי 100 גרם</ItemName>
      <ManufacturerName>לא ידוע</ManufacturerName>
      <ManufactureCountry>לא ידוע</ManufactureCountry>
      <ManufacturerItemDescription>תה ארל גריי 100 גרם </ManufacturerItemDescription>
      <UnitQty>גרמים</UnitQty>
      <Quantity>100.00</Quantity>
      <bIsWeighted>0</bIsWeighted>
      <UnitOfMeasure>100 גרם</UnitOfMeasure>
      <QtyInPackage>1</QtyInPackage>
      <ItemPrice>23.90</ItemPrice>
      <UnitOfMeasurePrice>23.90</UnitOfMeasurePrice>
      <AllowDiscount>1</AllowDiscount>
      <ItemStatus>1</ItemStatus>
    </Item>
    <Item>
      <PriceUpdateDate>2025-01-23 07:42</PriceUpdateDate>
      <ItemCode>7290000345284</ItemCode>
      <ItemType>1</ItemType>
      <ItemName>תה קלאסיק 100 שקיקים * 1.5 גרם</ItemName>
      <ManufacturerName>לא ידוע</ManufacturerName>
      <ManufactureCountry>ישראל</ManufactureCountry>
      <ManufacturerItemDescription>תה קלאסיק 100 שקיקים</ManufacturerItemDescription>
      <UnitQty>גרמים</UnitQty>
      <Quantity>150.00</Quantity>
      <bIsWeighted>0</bIsWeighted>
      <UnitOfMeasure>100 גרם</UnitOfMeasure>
      <QtyInPackage>1</QtyInPackage>
      <ItemPrice>19.90</ItemPrice>
      <UnitOfMeasurePrice>13.27</UnitOfMeasurePrice>
      <AllowDiscount>1</AllowDiscount>
      <ItemStatus>1</ItemStatus>
    </Item>
    <Item>
      <PriceUpdateDate>2025-03-25 07:06</PriceUpdateDate>
      <ItemCode>7290000345291</ItemCode>
      <ItemType>1</ItemType>
      <ItemName>תה ארל גריי 25 שקיקים 1.5 גרם</ItemName>
      <ManufacturerName>לא ידוע</ManufacturerName>
      <ManufactureCountry>לא ידוע</ManufactureCountry>
      <ManufacturerItemDescription>תה ארל גריי 25 שקיקי</ManufacturerItemDescription>
      <UnitQty>Unknown</UnitQty>
      <Quantity>0.00</Quantity>
      <bIsWeighted>0</bIsWeighted>
      <UnitOfMeasure>Unknown</UnitOfMeasure>
      <QtyInPackage>1</QtyInPackage>
      <ItemPrice>20.90</ItemPrice>
      <UnitOfMeasurePrice>20.90</UnitOfMeasurePrice>
      <AllowDiscount>1</AllowDiscount>
      <ItemStatus>1</ItemStatus>
    </Item>
    <Item>
      <PriceUpdateDate>2023-02-19 14:48</PriceUpdateDate>
      <ItemCode>7290000345307</ItemCode>
      <ItemType>1</ItemType>
      <ItemName>תה ארל גריי 50 שקיקים 1.5 גרם</ItemName>
      <ManufacturerName>לא ידוע</ManufacturerName>
      <ManufactureCountry>לא ידוע</ManufactureCountry>
      <ManufacturerItemDescription>תה ארל גריי 50 שקיקי</ManufacturerItemDescription>
      <UnitQty>Unknown</UnitQty>
      <Quantity>0.00</Quantity>
      <bIsWeighted>0</bIsWeighted>
      <UnitOfMeasure>Unknown</UnitOfMeasure>
      <QtyInPackage>1</QtyInPackage>
      <ItemPrice>32.90</ItemPrice>
      <UnitOfMeasurePrice>32.90</UnitOfMeasurePrice>
      <AllowDiscount>1</AllowDiscount>
      <ItemStatus>1</ItemStatus>
    </Item>
    <Item>
      <PriceUpdateDate>2025-03-25 07:08</PriceUpdateDate>
      <ItemCode>7290000345536</ItemCode>
      <ItemType>1</ItemType>
      <ItemName>תה נענע 25 שקיקים 1.5 גרם</ItemName>
      <ManufacturerName>לא ידוע</ManufacturerName>
      <ManufactureCountry>לא ידוע</ManufactureCountry>
      <ManufacturerItemDescription>תה נענע 25 שקיקים 1.</ManufacturerItemDescription>
      <UnitQty>Unknown</UnitQty>
      <Quantity>0.00</Quantity>
      <bIsWeighted>0</bIsWeighted>
      <UnitOfMeasure>Unknown</UnitOfMeasure>
      <QtyInPackage>1</QtyInPackage>
      <ItemPrice>29.90</ItemPrice>
      <UnitOfMeasurePrice>29.90</UnitOfMeasurePrice>
      <AllowDiscount>1</AllowDiscount>
      <ItemStatus>1</ItemStatus>
    </Item>
    <Item>
      <PriceUpdateDate>2025-01-13 10:22</PriceUpdateDate>
      <ItemCode>7290000346021</ItemCode>
      <ItemType>1</ItemType>
      <ItemName>חליטת קמומיל בבונג גן קסום 50 שקיקים</ItemName>
      <ManufacturerName>לא ידוע</ManufacturerName>
      <ManufactureCountry>לא ידוע</ManufactureCountry>
      <ManufacturerItemDescription>חליטת קמומיל בבונג ג</ManufacturerItemDescription>
      <UnitQty>Unknown</UnitQty>
      <Quantity>0.00</Quantity>
      <bIsWeighted>0</bIsWeighted>
      <UnitOfMeasure>Unknown</UnitOfMeasure>
      <QtyInPackage>1</QtyInPackage>
      <ItemPrice>41.90</ItemPrice>
      <UnitOfMeasurePrice>41.90</UnitOfMeasurePrice>
      <AllowDiscount>1</AllowDiscount>
      <ItemStatus>1</ItemStatus>
    </Item>
    <Item>
      <PriceUpdateDate>2025-01-23 07:43</PriceUpdateDate>
      <ItemCode>7290000346137</ItemCode>
      <ItemType>1</ItemType>
      <ItemName>חליטת הילולי פירות 25 שקיקים גן קסום</ItemName>
      <ManufacturerName>לא ידוע</ManufacturerName>
      <ManufactureCountry>לא ידוע</ManufactureCountry>
      <ManufacturerItemDescription>חליטת הילולי פירות  </ManufacturerItemDescription>
      <UnitQty>Unknown</UnitQty>
      <Quantity>0.00</Quantity>
      <bIsWeighted>0</bIsWeighted>
      <UnitOfMeasure>Unknown</UnitOfMeasure>
      <QtyInPackage>1</QtyInPackage>
      <ItemPrice>22.90</ItemPrice>
      <UnitOfMeasurePrice>22.90</UnitOfMeasurePrice>
      <AllowDiscount>1</AllowDiscount>
      <ItemStatus>1</ItemStatus>
    </Item>
    <Item>
      <PriceUpdateDate>2025-01-23 07:43</PriceUpdateDate>
      <ItemCode>7290000346199</ItemCode>
      <ItemType>1</ItemType>
      <ItemName>חליטת פירות היער 25 שקיקים גן קסום</ItemName>
      <ManufacturerName>לא ידוע</ManufacturerName>
      <ManufactureCountry>לא ידוע</ManufactureCountry>
      <ManufacturerItemDescription>חליטת פירות היער 25 </ManufacturerItemDescription>
      <UnitQty>Unknown</UnitQty>
      <Quantity>0.00</Quantity>
      <bIsWeighted>0</bIsWeighted>
      <UnitOfMeasure>Unknown</UnitOfMeasure>
      <QtyInPackage>1</QtyInPackage>
      <ItemPrice>22.90</ItemPrice>
      <UnitOfMeasurePrice>22.90</UnitOfMeasurePrice>
      <AllowDiscount>1</AllowDiscount>
      <ItemStatus>1</ItemStatus>
    </Item>
    <Item>
      <PriceUpdateDate>2025-01-23 07:43</PriceUpdateDate>
      <ItemCode>7290000346205</ItemCode>
      <ItemType>1</ItemType>
      <ItemName>חליטת קמומיל 25 שקיקים הגן קסום</ItemName>
      <ManufacturerName>לא ידוע</ManufacturerName>
      <ManufactureCountry>לא ידוע</ManufactureCountry>
      <ManufacturerItemDescription>חליטת קמומיל 25 שקיק</ManufacturerItemDescription>
      <UnitQty>Unknown</UnitQty>
      <Quantity>0.00</Quantity>
      <bIsWeighted>0</bIsWeighted>
      <UnitOfMeasure>Unknown</UnitOfMeasure>
      <QtyInPackage>1</QtyInPackage>
      <ItemPrice>22.90</ItemPrice>
      <UnitOfMeasurePrice>22.90</UnitOfMeasurePrice>
      <AllowDiscount>1</AllowDiscount>
      <ItemStatus>1</ItemStatus>
    </Item>
    <Item>
      <PriceUpdateDate>2025-01-23 07:43</PriceUpdateDate>
      <ItemCode>7290000347752</ItemCode>
      <ItemType>1</ItemType>
      <ItemName>תה ירוק לימונית לואיזה 25 שקיקים 1.5 גרם</ItemName>
      <ManufacturerName>לא ידוע</ManufacturerName>
      <ManufactureCountry>לא ידוע</ManufactureCountry>
      <ManufacturerItemDescription>תה ירוק לימונית לואי</ManufacturerItemDescription>
      <UnitQty>Unknown</UnitQty>
      <Quantity>0.00</Quantity>
      <bIsWeighted>0</bIsWeighted>
      <UnitOfMeasure>Unknown</UnitOfMeasure>
      <QtyInPackage>1</QtyInPackage>
      <ItemPrice>27.90</ItemPrice>
      <UnitOfMeasurePrice>27.90</UnitOfMeasurePrice>
      <AllowDiscount>1</AllowDiscount>
      <ItemStatus>1</ItemStatus>
    </Item>
    <Item>
      <PriceUpdateDate>2024-12-19 23:00</PriceUpdateDate>
      <ItemCode>7290000363288</ItemCode>
      <ItemType>1</ItemType>
      <ItemName>פרוסות נקניק לנשנוש בטעם צילי ליים טירת</ItemName>
      <ManufacturerName>לא ידוע</ManufacturerName>
      <ManufactureCountry>ישראל</ManufactureCountry>
      <ManufacturerItemDescription>פרוסות נקניק לנשנוש </ManufacturerItemDescription>
      <UnitQty>גרמים</UnitQty>
      <Quantity>60.00</Quantity>
      <bIsWeighted>0</bIsWeighted>
      <UnitOfMeasure>100 גרם</UnitOfMeasure>
      <QtyInPackage>1</QtyInPackage>
      <ItemPrice>17.90</ItemPrice>
      <UnitOfMeasurePrice>29.83</UnitOfMeasurePrice>
      <AllowDiscount>1</AllowDiscount>
      <ItemStatus>1</ItemStatus>
    </Item>
    <Item>
      <PriceUpdateDate>2024-12-19 23:00</PriceUpdateDate>
      <ItemCode>7290000363318</ItemCode>
      <ItemType>1</ItemType>
      <ItemName>פרוסות נקניק לנשנוש בתיבול ברביק טירת צב</ItemName>
      <ManufacturerName>לא ידוע</ManufacturerName>
      <ManufactureCountry>ישראל</ManufactureCountry>
      <ManufacturerItemDescription>פרוסות נקניק לנשנוש </ManufacturerItemDescription>
      <UnitQty>גרמים</UnitQty>
      <Quantity>60.00</Quantity>
      <bIsWeighted>0</bIsWeighted>
      <UnitOfMeasure>100 גרם</UnitOfMeasure>
      <QtyInPackage>1</QtyInPackage>
      <ItemPrice>17.90</ItemPrice>
      <UnitOfMeasurePrice>29.83</UnitOfMeasurePrice>
      <AllowDiscount>1</AllowDiscount>
      <ItemStatus>1</ItemStatus>
    </Item>
    <Item>
      <PriceUpdateDate>2025-01-23 07:43</PriceUpdateDate>
      <ItemCode>7290000363363</ItemCode>
      <ItemType>1</ItemType>
      <ItemName>קבנוס מיוחד 160 גרםטירת צבי</ItemName>
      <ManufacturerName>לא ידוע</ManufacturerName>
      <ManufactureCountry>לא ידוע</ManufactureCountry>
      <ManufacturerItemDescription>קבנוס מיוחד 160 גרם </ManufacturerItemDescription>
      <UnitQty>גרמים</UnitQty>
      <Quantity>160.00</Quantity>
      <bIsWeighted>0</bIsWeighted>
      <UnitOfMeasure>100 גרם</UnitOfMeasure>
      <QtyInPackage>1</QtyInPackage>
      <ItemPrice>21.90</ItemPrice>
      <UnitOfMeasurePrice>13.69</UnitOfMeasurePrice>
      <AllowDiscount>1</AllowDiscount>
      <ItemStatus>1</ItemStatus>
    </Item>
    <Item>
      <PriceUpdateDate>2024-12-19 23:00</PriceUpdateDate>
      <ItemCode>7290000363417</ItemCode>
      <ItemType>1</ItemType>
      <ItemName>פרוסות נקניק לנשנוש בתיבול פפרוני 60 גרם</ItemName>
      <ManufacturerName>לא ידוע</ManufacturerName>
      <ManufactureCountry>ישראל</ManufactureCountry>
      <ManufacturerItemDescription>פרוסות נקניק לנשנוש </ManufacturerItemDescription>
      <UnitQty>גרמים</UnitQty>
      <Quantity>60.00</Quantity>
      <bIsWeighted>0</bIsWeighted>
      <UnitOfMeasure>100 גרם</UnitOfMeasure>
      <QtyInPackage>1</QtyInPackage>
      <ItemPrice>17.90</ItemPrice>
      <UnitOfMeasurePrice>29.83</UnitOfMeasurePrice>
      <AllowDiscount>1</AllowDiscount>
      <ItemStatus>1</ItemStatus>
    </Item>
    <Item>
      <PriceUpdateDate>2025-01-30 07:58</PriceUpdateDate>
      <ItemCode>7290000363486</ItemCode>
      <ItemType>1</ItemType>
      <ItemName>נקניק תה טירת צבי במשקל</ItemName>
      <ManufacturerName>לא ידוע</ManufacturerName>
      <ManufactureCountry>לא ידוע</ManufactureCountry>
      <ManufacturerItemDescription>נקניק תה טירת צבי   </ManufacturerItemDescription>
      <UnitQty>Unknown</UnitQty>
      <Quantity>0.00</Quantity>
      <bIsWeighted>1</bIsWeighted>
      <UnitOfMeasure>ק"ג</UnitOfMeasure>
      <QtyInPackage>0</QtyInPackage>
      <ItemPrice>75.00</ItemPrice>
      <UnitOfMeasurePrice>75.00</UnitOfMeasurePrice>
      <AllowDiscount>1</AllowDiscount>
      <ItemStatus>1</ItemStatus>
    </Item>
    <Item>
      <PriceUpdateDate>2025-07-02 23:00</PriceUpdateDate>
      <ItemCode>7290000363639</ItemCode>
      <ItemType>1</ItemType>
      <ItemName>סרוולד קלאסי מפולפל 120 גר טירת צבי</ItemName>
      <ManufacturerName>לא ידוע</ManufacturerName>
      <ManufactureCountry>IL</ManufactureCountry>
      <ManufacturerItemDescription>סרוולד קלאסי מפולפל </ManufacturerItemDescription>
      <UnitQty>גרמים</UnitQty>
      <Quantity>120.00</Quantity>
      <bIsWeighted>0</bIsWeighted>
      <UnitOfMeasure>100 גרם</UnitOfMeasure>
      <QtyInPackage>1</QtyInPackage>
      <ItemPrice>38.90</ItemPrice>
      <UnitOfMeasurePrice>32.42</UnitOfMeasurePrice>
      <AllowDiscount>1</AllowDiscount>
      <ItemStatus>1</ItemStatus>
    </Item>
    <Item>
      <PriceUpdateDate>2025-01-23 07:43</PriceUpdateDate>
      <ItemCode>7290000363899</ItemCode>
      <ItemType>1</ItemType>
      <ItemName>נקניקיות פיקנטיות 400 גרםטירת צבי</ItemName>
      <ManufacturerName>לא ידוע</ManufacturerName>
      <ManufactureCountry>לא ידוע</ManufactureCountry>
      <ManufacturerItemDescription>נקניקיות פיקנטיות   </ManufacturerItemDescription>
      <UnitQty>גרמים</UnitQty>
      <Quantity>400.00</Quantity>
      <bIsWeighted>0</bIsWeighted>
      <UnitOfMeasure>100 גרם</UnitOfMeasure>
      <QtyInPackage>1</QtyInPackage>
      <ItemPrice>16.90</ItemPrice>
      <UnitOfMeasurePrice>4.23</UnitOfMeasurePrice>
      <AllowDiscount>1</AllowDiscount>
      <ItemStatus>1</ItemStatus>
    </Item>
    <Item>
      <PriceUpdateDate>2024-07-07 17:54</PriceUpdateDate>
      <ItemCode>7290000364261</ItemCode>
      <ItemType>1</ItemType>
      <ItemName>סלסולי כתף בקר 120גר טירת צבי</ItemName>
      <ManufacturerName>לא ידוע</ManufacturerName>
      <ManufactureCountry>לא ידוע</ManufactureCountry>
      <ManufacturerItemDescription>סלסולי כתף בקר 120גר</ManufacturerItemDescription>
      <UnitQty>גרמים</UnitQty>
      <Quantity>120.00</Quantity>
      <bIsWeighted>0</bIsWeighted>
      <UnitOfMeasure>100 גרם</UnitOfMeasure>
      <QtyInPackage>1</QtyInPackage>
      <ItemPrice>18.90</ItemPrice>
      <UnitOfMeasurePrice>15.75</UnitOfMeasurePrice>
      <AllowDiscount>1</AllowDiscount>
      <ItemStatus>1</ItemStatus>
    </Item>
    <Item>
      <PriceUpdateDate>2024-07-07 17:54</PriceUpdateDate>
      <ItemCode>7290000364278</ItemCode>
      <ItemType>1</ItemType>
      <ItemName>סלסולי סלמי איטלקי משובח  120גרטירת צבי</ItemName>
      <ManufacturerName>לא ידוע</ManufacturerName>
      <ManufactureCountry>לא ידוע</ManufactureCountry>
      <ManufacturerItemDescription>סלסולי סלמי איטלקי  </ManufacturerItemDescription>
      <UnitQty>גרמים</UnitQty>
      <Quantity>120.00</Quantity>
      <bIsWeighted>0</bIsWeighted>
      <UnitOfMeasure>100 גרם</UnitOfMeasure>
      <QtyInPackage>1</QtyInPackage>
      <ItemPrice>18.90</ItemPrice>
      <UnitOfMeasurePrice>15.75</UnitOfMeasurePrice>
      <AllowDiscount>1</AllowDiscount>
      <ItemStatus>1</ItemStatus>
    </Item>
    <Item>
      <PriceUpdateDate>2024-07-07 17:54</PriceUpdateDate>
      <ItemCode>7290000364285</ItemCode>
      <ItemType>1</ItemType>
      <ItemName>סלסולי פסטרמה הודו  120גרטירת צבי</ItemName>
      <ManufacturerName>לא ידוע</ManufacturerName>
      <ManufactureCountry>לא ידוע</ManufactureCountry>
      <ManufacturerItemDescription>סלסולי פסטרמה הודו  </ManufacturerItemDescription>
      <UnitQty>גרמים</UnitQty>
      <Quantity>120.00</Quantity>
      <bIsWeighted>0</bIsWeighted>
      <UnitOfMeasure>100 גרם</UnitOfMeasure>
      <QtyInPackage>1</QtyInPackage>
      <ItemPrice>18.90</ItemPrice>
      <UnitOfMeasurePrice>15.75</UnitOfMeasurePrice>
      <AllowDiscount>1</AllowDiscount>
      <ItemStatus>1</ItemStatus>
    </Item>
    <Item>
      <PriceUpdateDate>2024-07-07 16:30</PriceUpdateDate>
      <ItemCode>7290000364292</ItemCode>
      <ItemType>1</ItemType>
      <ItemName>סלסולי גחלים 120גר טירת צבי</ItemName>
      <ManufacturerName>לא ידוע</ManufacturerName>
      <ManufactureCountry>לא ידוע</ManufactureCountry>
      <ManufacturerItemDescription>סלסולי גחלים 120גר  </ManufacturerItemDescription>
      <UnitQty>גרמים</UnitQty>
      <Quantity>120.00</Quantity>
      <bIsWeighted>0</bIsWeighted>
      <UnitOfMeasure>100 גרם</UnitOfMeasure>
      <QtyInPackage>1</QtyInPackage>
      <ItemPrice>18.90</ItemPrice>
      <UnitOfMeasurePrice>15.75</UnitOfMeasurePrice>
      <AllowDiscount>1</AllowDiscount>
      <ItemStatus>1</ItemStatus>
    </Item>
    <Item>
      <PriceUpdateDate>2025-01-23 07:43</PriceUpdateDate>
      <ItemCode>7290000364803</ItemCode>
      <ItemType>1</ItemType>
      <ItemName>נקניקיות קרנץ אמריקאי 500 גרם</ItemName>
      <ManufacturerName>לא ידוע</ManufacturerName>
      <ManufactureCountry>לא ידוע</ManufactureCountry>
      <ManufacturerItemDescription>נקניקיות קרנץ אמריקא</ManufacturerItemDescription>
      <UnitQty>גרמים</UnitQty>
      <Quantity>500.00</Quantity>
      <bIsWeighted>0</bIsWeighted>
      <UnitOfMeasure>100 גרם</UnitOfMeasure>
      <QtyInPackage>1</QtyInPackage>
      <ItemPrice>40.90</ItemPrice>
      <UnitOfMeasurePrice>8.18</UnitOfMeasurePrice>
      <AllowDiscount>1</AllowDiscount>
      <ItemStatus>1</ItemStatus>
    </Item>
    <Item>
      <PriceUpdateDate>2024-07-17 08:36</PriceUpdateDate>
      <ItemCode>7290000364858</ItemCode>
      <ItemType>1</ItemType>
      <ItemName>טירת צבי נקניקיות עוף טרי 1 ק"ג</ItemName>
      <ManufacturerName>לא ידוע</ManufacturerName>
      <ManufactureCountry>לא ידוע</ManufactureCountry>
      <ManufacturerItemDescription>טירת צבי נקניקיות עו</ManufacturerItemDescription>
      <UnitQty>קילוגרמים</UnitQty>
      <Quantity>0.00</Quantity>
      <bIsWeighted>0</bIsWeighted>
      <UnitOfMeasure>ק"ג</UnitOfMeasure>
      <QtyInPackage>1</QtyInPackage>
      <ItemPrice>29.90</ItemPrice>
      <UnitOfMeasurePrice>29.90</UnitOfMeasurePrice>
      <AllowDiscount>1</AllowDiscount>
      <ItemStatus>1</ItemStatus>
    </Item>
    <Item>
      <PriceUpdateDate>2025-01-23 07:43</PriceUpdateDate>
      <ItemCode>7290000364872</ItemCode>
      <ItemType>1</ItemType>
      <ItemName>נקניקיות עוף 400 גרםטירת צבי</ItemName>
      <ManufacturerName>לא ידוע</ManufacturerName>
      <ManufactureCountry>לא ידוע</ManufactureCountry>
      <ManufacturerItemDescription>נקניקיות עוף 400 גרם</ManufacturerItemDescription>
      <UnitQty>גרמים</UnitQty>
      <Quantity>400.00</Quantity>
      <bIsWeighted>0</bIsWeighted>
      <UnitOfMeasure>100 גרם</UnitOfMeasure>
      <QtyInPackage>1</QtyInPackage>
      <ItemPrice>16.90</ItemPrice>
      <UnitOfMeasurePrice>4.23</UnitOfMeasurePrice>
      <AllowDiscount>1</AllowDiscount>
      <ItemStatus>1</ItemStatus>
    </Item>
    <Item>
      <PriceUpdateDate>2025-07-02 23:00</PriceUpdateDate>
      <ItemCode>7290000365114</ItemCode>
      <ItemType>1</ItemType>
      <ItemName>כתף בקר מפולפל 120 גר טירת צבי</ItemName>
      <ManufacturerName>לא ידוע</ManufacturerName>
      <ManufactureCountry>IL</ManufactureCountry>
      <ManufacturerItemDescription>כתף בקר מפולפל 120 ג</ManufacturerItemDescription>
      <UnitQty>גרמים</UnitQty>
      <Quantity>120.00</Quantity>
      <bIsWeighted>0</bIsWeighted>
      <UnitOfMeasure>100 גרם</UnitOfMeasure>
      <QtyInPackage>1</QtyInPackage>
      <ItemPrice>39.90</ItemPrice>
      <UnitOfMeasurePrice>33.25</UnitOfMeasurePrice>
      <AllowDiscount>1</AllowDiscount>
      <ItemStatus>1</ItemStatus>
    </Item>
    <Item>
      <PriceUpdateDate>2025-01-30 07:57</PriceUpdateDate>
      <ItemCode>7290000365398</ItemCode>
      <ItemType>1</ItemType>
      <ItemName>חזה הודו בדבשטירת צבי</ItemName>
      <ManufacturerName>לא ידוע</ManufacturerName>
      <ManufactureCountry>לא ידוע</ManufactureCountry>
      <ManufacturerItemDescription>חזה הודו בדבש       </ManufacturerItemDescription>
      <UnitQty>Unknown</UnitQty>
      <Quantity>0.00</Quantity>
      <bIsWeighted>1</bIsWeighted>
      <UnitOfMeasure>ק"ג</UnitOfMeasure>
      <QtyInPackage>0</QtyInPackage>
      <ItemPrice>105.00</ItemPrice>
      <UnitOfMeasurePrice>105.00</UnitOfMeasurePrice>
      <AllowDiscount>1</AllowDiscount>
      <ItemStatus>1</ItemStatus>
    </Item>
    <Item>
      <PriceUpdateDate>2025-01-14 08:27</PriceUpdateDate>
      <ItemCode>7290000365909</ItemCode>
      <ItemType>1</ItemType>
      <ItemName>פסטרמה הודו מעושנתטירת צבי</ItemName>
      <ManufacturerName>לא ידוע</ManufacturerName>
      <ManufactureCountry>לא ידוע</ManufactureCountry>
      <ManufacturerItemDescription>פסטרמה הודו מעושנת  </ManufacturerItemDescription>
      <UnitQty>Unknown</UnitQty>
      <Quantity>0.00</Quantity>
      <bIsWeighted>1</bIsWeighted>
      <UnitOfMeasure>ק"ג</UnitOfMeasure>
      <QtyInPackage>0</QtyInPackage>
      <ItemPrice>105.00</ItemPrice>
      <UnitOfMeasurePrice>105.00</UnitOfMeasurePrice>
      <AllowDiscount>1</AllowDiscount>
      <ItemStatus>1</ItemStatus>
    </Item>
    <Item>
      <PriceUpdateDate>2024-07-04 16:55</PriceUpdateDate>
      <ItemCode>7290000367590</ItemCode>
      <ItemType>1</ItemType>
      <ItemName>צמד כפרי טירת צבי 800 גרם</ItemName>
      <ManufacturerName>לא ידוע</ManufacturerName>
      <ManufactureCountry>לא ידוע</ManufactureCountry>
      <ManufacturerItemDescription>צמד כפרי טירת צבי   </ManufacturerItemDescription>
      <UnitQty>גרמים</UnitQty>
      <Quantity>800.00</Quantity>
      <bIsWeighted>0</bIsWeighted>
      <UnitOfMeasure>100 גרם</UnitOfMeasure>
      <QtyInPackage>1</QtyInPackage>
      <ItemPrice>34.90</ItemPrice>
      <UnitOfMeasurePrice>4.36</UnitOfMeasurePrice>
      <AllowDiscount>1</AllowDiscount>
      <ItemStatus>1</ItemStatus>
    </Item>
    <Item>
      <PriceUpdateDate>2025-09-16 12:36</PriceUpdateDate>
      <ItemCode>7290000408316</ItemCode>
      <ItemType>1</ItemType>
      <ItemName>דנונה ביו  3% 200 גרם</ItemName>
      <ManufacturerName>לא ידוע</ManufacturerName>
      <ManufactureCountry>לא ידוע</ManufactureCountry>
      <ManufacturerItemDescription>דנונה ביו 3% 200 גרם</ManufacturerItemDescription>
      <UnitQty>גרמים</UnitQty>
      <Quantity>200.00</Quantity>
      <bIsWeighted>0</bIsWeighted>
      <UnitOfMeasure>100 גרם</UnitOfMeasure>
      <QtyInPackage>1</QtyInPackage>
      <ItemPrice>5.00</ItemPrice>
      <UnitOfMeasurePrice>2.50</UnitOfMeasurePrice>
      <AllowDiscount>1</AllowDiscount>
      <ItemStatus>1</ItemStatus>
    </Item>
    <Item>
      <PriceUpdateDate>2025-09-16 12:36</PriceUpdateDate>
      <ItemCode>7290000408354</ItemCode>
      <ItemType>1</ItemType>
      <ItemName>דנונה בר פצפוצים 173 גר</ItemName>
      <ManufacturerName>לא ידוע</ManufacturerName>
      <ManufactureCountry>לא ידוע</ManufactureCountry>
      <ManufacturerItemDescription>דנונה בר פצפוצים 173</ManufacturerItemDescription>
      <UnitQty>גרמים</UnitQty>
      <Quantity>173.00</Quantity>
      <bIsWeighted>0</bIsWeighted>
      <UnitOfMeasure>100 גרם</UnitOfMeasure>
      <QtyInPackage>1</QtyInPackage>
      <ItemPrice>5.60</ItemPrice>
      <UnitOfMeasurePrice>3.24</UnitOfMeasurePrice>
      <AllowDiscount>1</AllowDiscount>
      <ItemStatus>1</ItemStatus>
    </Item>
    <Item>
      <PriceUpdateDate>2022-05-27 10:27</PriceUpdateDate>
      <ItemCode>7290000412481</ItemCode>
      <ItemType>1</ItemType>
      <ItemName>סנו מנקה אסלות 00 1 ליטר</ItemName>
      <ManufacturerName>לא ידוע</ManufacturerName>
      <ManufactureCountry>לא ידוע</ManufactureCountry>
      <ManufacturerItemDescription>סנו מנקה אסלות 00 1 </ManufacturerItemDescription>
      <UnitQty>מיליליטרים</UnitQty>
      <Quantity>1000.00</Quantity>
      <bIsWeighted>0</bIsWeighted>
      <UnitOfMeasure>100 מ"ל</UnitOfMeasure>
      <QtyInPackage>1</QtyInPackage>
      <ItemPrice>9.90</ItemPrice>
      <UnitOfMeasurePrice>0.99</UnitOfMeasurePrice>
      <AllowDiscount>1</AllowDiscount>
      <ItemStatus>1</ItemStatus>
    </Item>
    <Item>
      <PriceUpdateDate>2025-09-16 12:36</PriceUpdateDate>
      <ItemCode>7290000416021</ItemCode>
      <ItemType>1</ItemType>
      <ItemName>ממרח השחר 500 גרם</ItemName>
      <ManufacturerName>לא ידוע</ManufacturerName>
      <ManufactureCountry>לא ידוע</ManufactureCountry>
      <ManufacturerItemDescription>ממרח השחר 500 גרם   </ManufacturerItemDescription>
      <UnitQty>גרמים</UnitQty>
      <Quantity>500.00</Quantity>
      <bIsWeighted>0</bIsWeighted>
      <UnitOfMeasure>100 גרם</UnitOfMeasure>
      <QtyInPackage>1</QtyInPackage>
      <ItemPrice>16.90</ItemPrice>
      <UnitOfMeasurePrice>3.38</UnitOfMeasurePrice>
      <AllowDiscount>1</AllowDiscount>
      <ItemStatus>1</ItemStatus>
    </Item>
    <Item>
      <PriceUpdateDate>2024-11-06 08:15</PriceUpdateDate>
      <ItemCode>7290000420325</ItemCode>
      <ItemType>1</ItemType>
      <ItemName>פופ קורן טבעי למיקרוגל 5 יח</ItemName>
      <ManufacturerName>לא ידוע</ManufacturerName>
      <ManufactureCountry>לא ידוע</ManufactureCountry>
      <ManufacturerItemDescription>פופ קורן טבעי למיקרו</ManufacturerItemDescription>
      <UnitQty>גרמים</UnitQty>
      <Quantity>300.00</Quantity>
      <bIsWeighted>0</bIsWeighted>
      <UnitOfMeasure>100 גרם</UnitOfMeasure>
      <QtyInPackage>1</QtyInPackage>
      <ItemPrice>18.90</ItemPrice>
      <UnitOfMeasurePrice>6.30</UnitOfMeasurePrice>
      <AllowDiscount>1</AllowDiscount>
      <ItemStatus>1</ItemStatus>
    </Item>
    <Item>
      <PriceUpdateDate>2023-06-06 14:12</PriceUpdateDate>
      <ItemCode>7290000430102</ItemCode>
      <ItemType>1</ItemType>
      <ItemName>קוביות קרח 2 ק"ג</ItemName>
      <ManufacturerName>לא ידוע</ManufacturerName>
      <ManufactureCountry>לא ידוע</ManufactureCountry>
      <ManufacturerItemDescription>קוביות קרח 2 ק"ג    </ManufacturerItemDescription>
      <UnitQty>קילוגרמים</UnitQty>
      <Quantity>0.00</Quantity>
      <bIsWeighted>0</bIsWeighted>
      <UnitOfMeasure>ק"ג</UnitOfMeasure>
      <QtyInPackage>1</QtyInPackage>
      <ItemPrice>12.90</ItemPrice>
      <UnitOfMeasurePrice>12.90</UnitOfMeasurePrice>
      <AllowDiscount>1</AllowDiscount>
      <ItemStatus>1</ItemStatus>
    </Item>
    <Item>
      <PriceUpdateDate>2025-03-03 17:49</PriceUpdateDate>
      <ItemCode>7290000433110</ItemCode>
      <ItemType>1</ItemType>
      <ItemName>מנגו אננס XL פחית 250 מ"ל</ItemName>
      <ManufacturerName>לא ידוע</ManufacturerName>
      <ManufactureCountry>פולין</ManufactureCountry>
      <ManufacturerItemDescription>מנגו אננס XL פחית 25</ManufacturerItemDescription>
      <UnitQty>מיליליטרים</UnitQty>
      <Quantity>250.00</Quantity>
      <bIsWeighted>0</bIsWeighted>
      <UnitOfMeasure>100 מ"ל</UnitOfMeasure>
      <QtyInPackage>1</QtyInPackage>
      <ItemPrice>5.00</ItemPrice>
      <UnitOfMeasurePrice>2.00</UnitOfMeasurePrice>
      <AllowDiscount>1</AllowDiscount>
      <ItemStatus>1</ItemStatus>
    </Item>
    <Item>
      <PriceUpdateDate>2025-03-25 07:08</PriceUpdateDate>
      <ItemCode>7290000446547</ItemCode>
      <ItemType>1</ItemType>
      <ItemName>חמאת בוטנים ב.ד 350 גרם</ItemName>
      <ManufacturerName>לא ידוע</ManufacturerName>
      <ManufactureCountry>לא ידוע</ManufactureCountry>
      <ManufacturerItemDescription>חמאת בוטנים טבעית בט</ManufacturerItemDescription>
      <UnitQty>גרמים</UnitQty>
      <Quantity>350.00</Quantity>
      <bIsWeighted>0</bIsWeighted>
      <UnitOfMeasure>100 גרם</UnitOfMeasure>
      <QtyInPackage>1</QtyInPackage>
      <ItemPrice>15.90</ItemPrice>
      <UnitOfMeasurePrice>4.54</UnitOfMeasurePrice>
      <AllowDiscount>1</AllowDiscount>
      <ItemStatus>1</ItemStatus>
    </Item>
    <Item>
      <PriceUpdateDate>2024-11-20 23:00</PriceUpdateDate>
      <ItemCode>7290000453231</ItemCode>
      <ItemType>1</ItemType>
      <ItemName>שמרים יבשים 100 גרם שמרית</ItemName>
      <ManufacturerName>לא ידוע</ManufacturerName>
      <ManufactureCountry>ישראל</ManufactureCountry>
      <ManufacturerItemDescription>שמרים יבשים 100 גרם </ManufacturerItemDescription>
      <UnitQty>גרמים</UnitQty>
      <Quantity>100.00</Quantity>
      <bIsWeighted>0</bIsWeighted>
      <UnitOfMeasure>100 גרם</UnitOfMeasure>
      <QtyInPackage>1</QtyInPackage>
      <ItemPrice>6.90</ItemPrice>
      <UnitOfMeasurePrice>6.90</UnitOfMeasurePrice>
      <AllowDiscount>1</AllowDiscount>
      <ItemStatus>1</ItemStatus>
    </Item>
    <Item>
      <PriceUpdateDate>2024-12-30 23:00</PriceUpdateDate>
      <ItemCode>7290000453248</ItemCode>
      <ItemType>1</ItemType>
      <ItemName>מיני פנקייק מוכן להגשה מצונן שמרית 300 ג</ItemName>
      <ManufacturerName>סריליה</ManufacturerName>
      <ManufactureCountry>בלגיה</ManufactureCountry>
      <ManufacturerItemDescription>מיני פנקייק מוכן להג</ManufacturerItemDescription>
      <UnitQty>גרמים</UnitQty>
      <Quantity>300.00</Quantity>
      <bIsWeighted>0</bIsWeighted>
      <UnitOfMeasure>100 גרם</UnitOfMeasure>
      <QtyInPackage>1</QtyInPackage>
      <ItemPrice>27.90</ItemPrice>
      <UnitOfMeasurePrice>9.30</UnitOfMeasurePrice>
      <AllowDiscount>1</AllowDiscount>
      <ItemStatus>1</ItemStatus>
    </Item>
    <Item>
      <PriceUpdateDate>2022-05-27 10:25</PriceUpdateDate>
      <ItemCode>7290000453408</ItemCode>
      <ItemType>1</ItemType>
      <ItemName>בצק פיצה דק מצונן ומוכן לאפיה 415 גר</ItemName>
      <ManufacturerName>לא ידוע</ManufacturerName>
      <ManufactureCountry>צרפת</ManufactureCountry>
      <ManufacturerItemDescription>בצק פיצה דק מצונן   </ManufacturerItemDescription>
      <UnitQty>גרמים</UnitQty>
      <Quantity>415.00</Quantity>
      <bIsWeighted>0</bIsWeighted>
      <UnitOfMeasure>100 גרם</UnitOfMeasure>
      <QtyInPackage>1</QtyInPackage>
      <ItemPrice>18.90</ItemPrice>
      <UnitOfMeasurePrice>4.55</UnitOfMeasurePrice>
      <AllowDiscount>1</AllowDiscount>
      <ItemStatus>1</ItemStatus>
    </Item>
    <Item>
      <PriceUpdateDate>2025-01-14 08:32</PriceUpdateDate>
      <ItemCode>7290000453415</ItemCode>
      <ItemType>1</ItemType>
      <ItemName>בצק עלים מצונן ומוכן לאפיה 300 גר</ItemName>
      <ManufacturerName>לא ידוע</ManufacturerName>
      <ManufactureCountry>צרפת</ManufactureCountry>
      <ManufacturerItemDescription>בצק עלים מצונן ומוכן</ManufacturerItemDescription>
      <UnitQty>גרמים</UnitQty>
      <Quantity>300.00</Quantity>
      <bIsWeighted>0</bIsWeighted>
      <UnitOfMeasure>100 גרם</UnitOfMeasure>
      <QtyInPackage>1</QtyInPackage>
      <ItemPrice>19.50</ItemPrice>
      <UnitOfMeasurePrice>6.50</UnitOfMeasurePrice>
      <AllowDiscount>1</AllowDiscount>
      <ItemStatus>1</ItemStatus>
    </Item>
    <Item>
      <PriceUpdateDate>2025-03-11 15:19</PriceUpdateDate>
      <ItemCode>7290000461793</ItemCode>
      <ItemType>1</ItemType>
      <ItemName>מקלות ארוך 150 גרם</ItemName>
      <ManufacturerName>לא ידוע</ManufacturerName>
      <ManufactureCountry>לא ידוע</ManufactureCountry>
      <ManufacturerItemDescription>מקלות ארוך 150 גרם  </ManufacturerItemDescription>
      <UnitQty>גרמים</UnitQty>
      <Quantity>150.00</Quantity>
      <bIsWeighted>0</bIsWeighted>
      <UnitOfMeasure>100 גרם</UnitOfMeasure>
      <QtyInPackage>1</QtyInPackage>
      <ItemPrice>10.30</ItemPrice>
      <UnitOfMeasurePrice>6.87</UnitOfMeasurePrice>
      <AllowDiscount>1</AllowDiscount>
      <ItemStatus>1</ItemStatus>
    </Item>
    <Item>
      <PriceUpdateDate>2025-05-04 09:05</PriceUpdateDate>
      <ItemCode>7290000474502</ItemCode>
      <ItemType>1</ItemType>
      <ItemName>גבינה לבנה 5% 250 גר</ItemName>
      <ManufacturerName>לא ידוע</ManufacturerName>
      <ManufactureCountry>לא ידוע</ManufactureCountry>
      <ManufacturerItemDescription>גבינה לבנה 5%       </ManufacturerItemDescription>
      <UnitQty>גרמים</UnitQty>
      <Quantity>250.00</Quantity>
      <bIsWeighted>0</bIsWeighted>
      <UnitOfMeasure>100 גרם</UnitOfMeasure>
      <QtyInPackage>1</QtyInPackage>
      <ItemPrice>5.81</ItemPrice>
      <UnitOfMeasurePrice>2.32</UnitOfMeasurePrice>
      <AllowDiscount>1</AllowDiscount>
      <ItemStatus>1</ItemStatus>
    </Item>
    <Item>
      <PriceUpdateDate>2025-05-23 08:10</PriceUpdateDate>
      <ItemCode>7290000474540</ItemCode>
      <ItemType>1</ItemType>
      <ItemName>טוב טעם 250 גרם</ItemName>
      <ManufacturerName>לא ידוע</ManufacturerName>
      <ManufactureCountry>ישראל</ManufactureCountry>
      <ManufacturerItemDescription>טוב טעם 250 גרם     </ManufacturerItemDescription>
      <UnitQty>גרמים</UnitQty>
      <Quantity>250.00</Quantity>
      <bIsWeighted>0</bIsWeighted>
      <UnitOfMeasure>100 גרם</UnitOfMeasure>
      <QtyInPackage>1</QtyInPackage>
      <ItemPrice>14.50</ItemPrice>
      <UnitOfMeasurePrice>5.80</UnitOfMeasurePrice>
      <AllowDiscount>1</AllowDiscount>
      <ItemStatus>1</ItemStatus>
    </Item>
    <Item>
      <PriceUpdateDate>2024-02-04 10:52</PriceUpdateDate>
      <ItemCode>7290000480107</ItemCode>
      <ItemType>1</ItemType>
      <ItemName>קוואקר שיבולת שועל פחית 500 גר</ItemName>
      <ManufacturerName>לא ידוע</ManufacturerName>
      <ManufactureCountry>לא ידוע</ManufactureCountry>
      <ManufacturerItemDescription>קוואקר שיבולת שועל פ</ManufacturerItemDescription>
      <UnitQty>גרמים</UnitQty>
      <Quantity>500.00</Quantity>
      <bIsWeighted>0</bIsWeighted>
      <UnitOfMeasure>100 גרם</UnitOfMeasure>
      <QtyInPackage>1</QtyInPackage>
      <ItemPrice>16.90</ItemPrice>
      <UnitOfMeasurePrice>3.38</UnitOfMeasurePrice>
      <AllowDiscount>1</AllowDiscount>
      <ItemStatus>1</ItemStatus>
    </Item>
    <Item>
      <PriceUpdateDate>2024-02-04 10:56</PriceUpdateDate>
      <ItemCode>7290000480442</ItemCode>
      <ItemType>1</ItemType>
      <ItemName>קוואקר 500 גרם שקית</ItemName>
      <ManufacturerName>לא ידוע</ManufacturerName>
      <ManufactureCountry>לא ידוע</ManufactureCountry>
      <ManufacturerItemDescription>קוואקר 500 גרם שקית </ManufacturerItemDescription>
      <UnitQty>גרמים</UnitQty>
      <Quantity>500.00</Quantity>
      <bIsWeighted>0</bIsWeighted>
      <UnitOfMeasure>100 גרם</UnitOfMeasure>
      <QtyInPackage>1</QtyInPackage>
      <ItemPrice>18.90</ItemPrice>
      <UnitOfMeasurePrice>3.78</UnitOfMeasurePrice>
      <AllowDiscount>1</AllowDiscount>
      <ItemStatus>1</ItemStatus>
    </Item>
    <Item>
      <PriceUpdateDate>2023-03-24 14:41</PriceUpdateDate>
      <ItemCode>7290000484747</ItemCode>
      <ItemType>1</ItemType>
      <ItemName>ערק עלית 40% 700 מ"ל</ItemName>
      <ManufacturerName>לא ידוע</ManufacturerName>
      <ManufactureCountry>לא ידוע</ManufactureCountry>
      <ManufacturerItemDescription>ערק עלית 40% 700 מ"ל</ManufacturerItemDescription>
      <UnitQty>מיליליטרים</UnitQty>
      <Quantity>700.00</Quantity>
      <bIsWeighted>0</bIsWeighted>
      <UnitOfMeasure>100 מ"ל</UnitOfMeasure>
      <QtyInPackage>1</QtyInPackage>
      <ItemPrice>69.90</ItemPrice>
      <UnitOfMeasurePrice>9.99</UnitOfMeasurePrice>
      <AllowDiscount>1</AllowDiscount>
      <ItemStatus>1</ItemStatus>
    </Item>
    <Item>
      <PriceUpdateDate>2022-06-26 14:32</PriceUpdateDate>
      <ItemCode>7290000497044</ItemCode>
      <ItemType>1</ItemType>
      <ItemName>לחם ברמן אקטיב 750 גר</ItemName>
      <ManufacturerName>לא ידוע</ManufacturerName>
      <ManufactureCountry>לא ידוע</ManufactureCountry>
      <ManufacturerItemDescription>לחם ברמן אקטיב 750 ג</ManufacturerItemDescription>
      <UnitQty>גרמים</UnitQty>
      <Quantity>750.00</Quantity>
      <bIsWeighted>0</bIsWeighted>
      <UnitOfMeasure>100 גרם</UnitOfMeasure>
      <QtyInPackage>1</QtyInPackage>
      <ItemPrice>17.90</ItemPrice>
      <UnitOfMeasurePrice>2.39</UnitOfMeasurePrice>
      <AllowDiscount>1</AllowDiscount>
      <ItemStatus>1</ItemStatus>
    </Item>
    <Item>
      <PriceUpdateDate>2022-10-19 16:38</PriceUpdateDate>
      <ItemCode>7290000497358</ItemCode>
      <ItemType>1</ItemType>
      <ItemName>חלומית ארוזה ברמן 500 גרם</ItemName>
      <ManufacturerName>לא ידוע</ManufacturerName>
      <ManufactureCountry>ישראל</ManufactureCountry>
      <ManufacturerItemDescription>חלומית ארוזה ברמן 50</ManufacturerItemDescription>
      <UnitQty>גרמים</UnitQty>
      <Quantity>500.00</Quantity>
      <bIsWeighted>0</bIsWeighted>
      <UnitOfMeasure>100 גרם</UnitOfMeasure>
      <QtyInPackage>1</QtyInPackage>
      <ItemPrice>15.90</ItemPrice>
      <UnitOfMeasurePrice>3.18</UnitOfMeasurePrice>
      <AllowDiscount>1</AllowDiscount>
      <ItemStatus>1</ItemStatus>
    </Item>
    <Item>
      <PriceUpdateDate>2025-07-14 11:21</PriceUpdateDate>
      <ItemCode>7290000504278</ItemCode>
      <ItemType>1</ItemType>
      <ItemName>סוכרזית פטנט 700 טבליות</ItemName>
      <ManufacturerName>לא ידוע</ManufacturerName>
      <ManufactureCountry>לא ידוע</ManufactureCountry>
      <ManufacturerItemDescription>סוכרזית פטנט 700 טבל</ManufacturerItemDescription>
      <UnitQty>גרמים</UnitQty>
      <Quantity>574.00</Quantity>
      <bIsWeighted>0</bIsWeighted>
      <UnitOfMeasure>100 גרם</UnitOfMeasure>
      <QtyInPackage>1</QtyInPackage>
      <ItemPrice>23.90</ItemPrice>
      <UnitOfMeasurePrice>4.16</UnitOfMeasurePrice>
      <AllowDiscount>1</AllowDiscount>
      <ItemStatus>1</ItemStatus>
    </Item>
    <Item>
      <PriceUpdateDate>2022-02-10 16:09</PriceUpdateDate>
      <ItemCode>7290000518220</ItemCode>
      <ItemType>1</ItemType>
      <ItemName>סוכרה דיאט 100 שקיות</ItemName>
      <ManufacturerName>לא ידוע</ManufacturerName>
      <ManufactureCountry>לא ידוע</ManufactureCountry>
      <ManufacturerItemDescription>סוכרה דיאט 100 שקיות</ManufacturerItemDescription>
      <UnitQty>גרמים</UnitQty>
      <Quantity>100.00</Quantity>
      <bIsWeighted>0</bIsWeighted>
      <UnitOfMeasure>100 גרם</UnitOfMeasure>
      <QtyInPackage>1</QtyInPackage>
      <ItemPrice>29.90</ItemPrice>
      <UnitOfMeasurePrice>29.90</UnitOfMeasurePrice>
      <AllowDiscount>1</AllowDiscount>
      <ItemStatus>1</ItemStatus>
    </Item>
    <Item>
      <PriceUpdateDate>2025-05-23 08:10</PriceUpdateDate>
      <ItemCode>7290000522319</ItemCode>
      <ItemType>1</ItemType>
      <ItemName>חלב טרי מהגולן 3% בקרטון 1 ליטר</ItemName>
      <ManufacturerName>לא ידוע</ManufacturerName>
      <ManufactureCountry />
      <ManufacturerItemDescription>חלב מחלבות רמת הגול </ManufacturerItemDescription>
      <UnitQty>מיליליטרים</UnitQty>
      <Quantity>1000.00</Quantity>
      <bIsWeighted>0</bIsWeighted>
      <UnitOfMeasure>100 מ"ל</UnitOfMeasure>
      <QtyInPackage>1</QtyInPackage>
      <ItemPrice>7.28</ItemPrice>
      <UnitOfMeasurePrice>0.73</UnitOfMeasurePrice>
      <AllowDiscount>1</AllowDiscount>
      <ItemStatus>1</ItemStatus>
    </Item>
    <Item>
      <PriceUpdateDate>2024-12-11 07:16</PriceUpdateDate>
      <ItemCode>7290000523125</ItemCode>
      <ItemType>1</ItemType>
      <ItemName>מלח הארץ ים יבש  250 גרם</ItemName>
      <ManufacturerName>לא ידוע</ManufacturerName>
      <ManufactureCountry>לא ידוע</ManufactureCountry>
      <ManufacturerItemDescription>מלח הארץ ים יבש  250</ManufacturerItemDescription>
      <UnitQty>גרמים</UnitQty>
      <Quantity>250.00</Quantity>
      <bIsWeighted>0</bIsWeighted>
      <UnitOfMeasure>100 גרם</UnitOfMeasure>
      <QtyInPackage>1</QtyInPackage>
      <ItemPrice>8.20</ItemPrice>
      <UnitOfMeasurePrice>3.28</UnitOfMeasurePrice>
      <AllowDiscount>1</AllowDiscount>
      <ItemStatus>1</ItemStatus>
    </Item>
    <Item>
      <PriceUpdateDate>2024-12-11 07:13</PriceUpdateDate>
      <ItemCode>7290000523224</ItemCode>
      <ItemType>1</ItemType>
      <ItemName>מלח הארץ ים יבש  500 גרם</ItemName>
      <ManufacturerName>לא ידוע</ManufacturerName>
      <ManufactureCountry>לא ידוע</ManufactureCountry>
      <ManufacturerItemDescription>מלח הארץ ים יבש  500</ManufacturerItemDescription>
      <UnitQty>גרמים</UnitQty>
      <Quantity>500.00</Quantity>
      <bIsWeighted>0</bIsWeighted>
      <UnitOfMeasure>100 גרם</UnitOfMeasure>
      <QtyInPackage>1</QtyInPackage>
      <ItemPrice>9.90</ItemPrice>
      <UnitOfMeasurePrice>1.98</UnitOfMeasurePrice>
      <AllowDiscount>1</AllowDiscount>
      <ItemStatus>1</ItemStatus>
    </Item>
    <Item>
      <PriceUpdateDate>2024-12-02 15:26</PriceUpdateDate>
      <ItemCode>7290000523521</ItemCode>
      <ItemType>1</ItemType>
      <ItemName>מלח הארץ מועשר ביוד 250 גרם</ItemName>
      <ManufacturerName>לא ידוע</ManufacturerName>
      <ManufactureCountry>לא ידוע</ManufactureCountry>
      <ManufacturerItemDescription>מלח הארץ מועשר ביוד </ManufacturerItemDescription>
      <UnitQty>גרמים</UnitQty>
      <Quantity>250.00</Quantity>
      <bIsWeighted>0</bIsWeighted>
      <UnitOfMeasure>100 גרם</UnitOfMeasure>
      <QtyInPackage>1</QtyInPackage>
      <ItemPrice>7.90</ItemPrice>
      <UnitOfMeasurePrice>3.16</UnitOfMeasurePrice>
      <AllowDiscount>1</AllowDiscount>
      <ItemStatus>1</ItemStatus>
    </Item>
    <Item>
      <PriceUpdateDate>2024-12-11 07:12</PriceUpdateDate>
      <ItemCode>7290000523804</ItemCode>
      <ItemType>1</ItemType>
      <ItemName>מלח עדין 1 קג צנצנת</ItemName>
      <ManufacturerName>לא ידוע</ManufacturerName>
      <ManufactureCountry>לא ידוע</ManufactureCountry>
      <ManufacturerItemDescription>מלח עדין 1 ק"ג צנצנת</ManufacturerItemDescription>
      <UnitQty>גרמים</UnitQty>
      <Quantity>1000.00</Quantity>
      <bIsWeighted>0</bIsWeighted>
      <UnitOfMeasure>100 גרם</UnitOfMeasure>
      <QtyInPackage>1</QtyInPackage>
      <ItemPrice>9.90</ItemPrice>
      <UnitOfMeasurePrice>0.99</UnitOfMeasurePrice>
      <AllowDiscount>1</AllowDiscount>
      <ItemStatus>1</ItemStatus>
    </Item>
    <Item>
      <PriceUpdateDate>2024-07-07 16:48</PriceUpdateDate>
      <ItemCode>7290000523811</ItemCode>
      <ItemType>1</ItemType>
      <ItemName>מלח גס 1 קג צנצנת</ItemName>
      <ManufacturerName>לא ידוע</ManufacturerName>
      <ManufactureCountry>לא ידוע</ManufactureCountry>
      <ManufacturerItemDescription>מלח גס 1 ק"ג צנצנת  </ManufacturerItemDescription>
      <UnitQty>גרמים</UnitQty>
      <Quantity>1000.00</Quantity>
      <bIsWeighted>0</bIsWeighted>
      <UnitOfMeasure>100 גרם</UnitOfMeasure>
      <QtyInPackage>1</QtyInPackage>
      <ItemPrice>9.90</ItemPrice>
      <UnitOfMeasurePrice>0.99</UnitOfMeasurePrice>
      <AllowDiscount>1</AllowDiscount>
      <ItemStatus>1</ItemStatus>
    </Item>
    <Item>
      <PriceUpdateDate>2025-06-25 06:24</PriceUpdateDate>
      <ItemCode>7290000525969</ItemCode>
      <ItemType>1</ItemType>
      <ItemName>מיץ תפוזים סחוט 1 ל פרימור</ItemName>
      <ManufacturerName>לא ידוע</ManufacturerName>
      <ManufactureCountry>לא ידוע</ManufactureCountry>
      <ManufacturerItemDescription>מיץ תפוזים סחוט 1 ל </ManufacturerItemDescription>
      <UnitQty>מיליליטרים</UnitQty>
      <Quantity>1000.00</Quantity>
      <bIsWeighted>0</bIsWeighted>
      <UnitOfMeasure>100 מ"ל</UnitOfMeasure>
      <QtyInPackage>1</QtyInPackage>
      <ItemPrice>23.90</ItemPrice>
      <UnitOfMeasurePrice>2.39</UnitOfMeasurePrice>
      <AllowDiscount>1</AllowDiscount>
      <ItemStatus>1</ItemStatus>
    </Item>
    <Item>
      <PriceUpdateDate>2023-01-01 11:56</PriceUpdateDate>
      <ItemCode>7290000540276</ItemCode>
      <ItemType>1</ItemType>
      <ItemName>שיפודים 5 מ"מ 30 ס"מ 50 יח</ItemName>
      <ManufacturerName>לא ידוע</ManufacturerName>
      <ManufactureCountry>סין</ManufactureCountry>
      <ManufacturerItemDescription>שיפודים 5 מ"מ 30 ס"מ</ManufacturerItemDescription>
      <UnitQty>יחידה</UnitQty>
      <Quantity>1.00</Quantity>
      <bIsWeighted>0</bIsWeighted>
      <UnitOfMeasure>יחידה</UnitOfMeasure>
      <QtyInPackage>1</QtyInPackage>
      <ItemPrice>5.90</ItemPrice>
      <UnitOfMeasurePrice>5.90</UnitOfMeasurePrice>
      <AllowDiscount>1</AllowDiscount>
      <ItemStatus>1</ItemStatus>
    </Item>
    <Item>
      <PriceUpdateDate>2025-08-13 14:52</PriceUpdateDate>
      <ItemCode>7290000554471</ItemCode>
      <ItemType>1</ItemType>
      <ItemName>מוצרלה 180 גרם</ItemName>
      <ManufacturerName>לא ידוע</ManufacturerName>
      <ManufactureCountry>ישראל</ManufactureCountry>
      <ManufacturerItemDescription>מוצרלה 180 גרם      </ManufacturerItemDescription>
      <UnitQty>גרמים</UnitQty>
      <Quantity>180.00</Quantity>
      <bIsWeighted>0</bIsWeighted>
      <UnitOfMeasure>100 גרם</UnitOfMeasure>
      <QtyInPackage>1</QtyInPackage>
      <ItemPrice>23.90</ItemPrice>
      <UnitOfMeasurePrice>13.28</UnitOfMeasurePrice>
      <AllowDiscount>1</AllowDiscount>
      <ItemStatus>1</ItemStatus>
    </Item>
    <Item>
      <PriceUpdateDate>2025-08-13 14:51</PriceUpdateDate>
      <ItemCode>7290000554600</ItemCode>
      <ItemType>1</ItemType>
      <ItemName>מוצרלה מגורדת 300 גרם</ItemName>
      <ManufacturerName>לא ידוע</ManufacturerName>
      <ManufactureCountry>ישראל</ManufactureCountry>
      <ManufacturerItemDescription>מוצרלה מגורדת 300 גר</ManufacturerItemDescription>
      <UnitQty>גרמים</UnitQty>
      <Quantity>300.00</Quantity>
      <bIsWeighted>0</bIsWeighted>
      <UnitOfMeasure>100 גרם</UnitOfMeasure>
      <QtyInPackage>1</QtyInPackage>
      <ItemPrice>32.50</ItemPrice>
      <UnitOfMeasurePrice>10.83</UnitOfMeasurePrice>
      <AllowDiscount>1</AllowDiscount>
      <ItemStatus>1</ItemStatus>
    </Item>
    <Item>
      <PriceUpdateDate>2025-01-14 08:30</PriceUpdateDate>
      <ItemCode>7290000554624</ItemCode>
      <ItemType>1</ItemType>
      <ItemName>מעדן ירח מתוק 150 גר</ItemName>
      <ManufacturerName>לא ידוע</ManufacturerName>
      <ManufactureCountry>ישראל</ManufactureCountry>
      <ManufacturerItemDescription>מעדן ירח מתוק 150 גר</ManufacturerItemDescription>
      <UnitQty>גרמים</UnitQty>
      <Quantity>150.00</Quantity>
      <bIsWeighted>0</bIsWeighted>
      <UnitOfMeasure>100 גרם</UnitOfMeasure>
      <QtyInPackage>1</QtyInPackage>
      <ItemPrice>7.90</ItemPrice>
      <UnitOfMeasurePrice>5.27</UnitOfMeasurePrice>
      <AllowDiscount>1</AllowDiscount>
      <ItemStatus>1</ItemStatus>
    </Item>
    <Item>
      <PriceUpdateDate>2025-08-13 14:50</PriceUpdateDate>
      <ItemCode>7290000554686</ItemCode>
      <ItemType>1</ItemType>
      <ItemName>לבנה בשמן זית וזעתר 250 גר</ItemName>
      <ManufacturerName>לא ידוע</ManufacturerName>
      <ManufactureCountry>ישראל</ManufactureCountry>
      <ManufacturerItemDescription>לבנה בשמן זית וזעתר </ManufacturerItemDescription>
      <UnitQty>גרמים</UnitQty>
      <Quantity>250.00</Quantity>
      <bIsWeighted>0</bIsWeighted>
      <UnitOfMeasure>100 גרם</UnitOfMeasure>
      <QtyInPackage>1</QtyInPackage>
      <ItemPrice>20.90</ItemPrice>
      <UnitOfMeasurePrice>8.36</UnitOfMeasurePrice>
      <AllowDiscount>1</AllowDiscount>
      <ItemStatus>1</ItemStatus>
    </Item>
    <Item>
      <PriceUpdateDate>2025-08-13 14:51</PriceUpdateDate>
      <ItemCode>7290000554822</ItemCode>
      <ItemType>1</ItemType>
      <ItemName>ריקוטה 250 גרם</ItemName>
      <ManufacturerName>לא ידוע</ManufacturerName>
      <ManufactureCountry>ישראל</ManufactureCountry>
      <ManufacturerItemDescription>ריקוטה 250 גרם      </ManufacturerItemDescription>
      <UnitQty>גרמים</UnitQty>
      <Quantity>250.00</Quantity>
      <bIsWeighted>0</bIsWeighted>
      <UnitOfMeasure>100 גרם</UnitOfMeasure>
      <QtyInPackage>1</QtyInPackage>
      <ItemPrice>19.90</ItemPrice>
      <UnitOfMeasurePrice>7.96</UnitOfMeasurePrice>
      <AllowDiscount>1</AllowDiscount>
      <ItemStatus>1</ItemStatus>
    </Item>
    <Item>
      <PriceUpdateDate>2025-09-16 12:35</PriceUpdateDate>
      <ItemCode>7290000554839</ItemCode>
      <ItemType>1</ItemType>
      <ItemName>גבינת מסקרפונה 250 גרם</ItemName>
      <ManufacturerName>לא ידוע</ManufacturerName>
      <ManufactureCountry>ישראל</ManufactureCountry>
      <ManufacturerItemDescription>גבינת מסקרפונה 250 ג</ManufacturerItemDescription>
      <UnitQty>גרמים</UnitQty>
      <Quantity>250.00</Quantity>
      <bIsWeighted>0</bIsWeighted>
      <UnitOfMeasure>100 גרם</UnitOfMeasure>
      <QtyInPackage>1</QtyInPackage>
      <ItemPrice>28.90</ItemPrice>
      <UnitOfMeasurePrice>11.56</UnitOfMeasurePrice>
      <AllowDiscount>1</AllowDiscount>
      <ItemStatus>1</ItemStatus>
    </Item>
    <Item>
      <PriceUpdateDate>2021-01-20 21:12</PriceUpdateDate>
      <ItemCode>7290000555505</ItemCode>
      <ItemType>1</ItemType>
      <ItemName>פיקדון זוג</ItemName>
      <ManufacturerName>לא ידוע</ManufacturerName>
      <ManufactureCountry>לא ידוע</ManufactureCountry>
      <ManufacturerItemDescription>פיקדון זוג          </ManufacturerItemDescription>
      <UnitQty>Unknown</UnitQty>
      <Quantity>0.00</Quantity>
      <bIsWeighted>0</bIsWeighted>
      <UnitOfMeasure>Unknown</UnitOfMeasure>
      <QtyInPackage>1</QtyInPackage>
      <ItemPrice>0.60</ItemPrice>
      <UnitOfMeasurePrice>0.60</UnitOfMeasurePrice>
      <AllowDiscount>1</AllowDiscount>
      <ItemStatus>1</ItemStatus>
    </Item>
    <Item>
      <PriceUpdateDate>2025-03-02 17:06</PriceUpdateDate>
      <ItemCode>7290000555522</ItemCode>
      <ItemType>1</ItemType>
      <ItemName>סופגניה לה פרינה</ItemName>
      <ManufacturerName>לא ידוע</ManufacturerName>
      <ManufactureCountry>IL</ManufactureCountry>
      <ManufacturerItemDescription>סופגניה לה פרינה    </ManufacturerItemDescription>
      <UnitQty>Unknown</UnitQty>
      <Quantity>0.00</Quantity>
      <bIsWeighted>0</bIsWeighted>
      <UnitOfMeasure>Unknown</UnitOfMeasure>
      <QtyInPackage>1</QtyInPackage>
      <ItemPrice>5.50</ItemPrice>
      <UnitOfMeasurePrice>5.50</UnitOfMeasurePrice>
      <AllowDiscount>1</AllowDiscount>
      <ItemStatus>1</ItemStatus>
    </Item>
    <Item>
      <PriceUpdateDate>2025-09-16 12:37</PriceUpdateDate>
      <ItemCode>7290000571232</ItemCode>
      <ItemType>1</ItemType>
      <ItemName>גבינת גאודה טבעי פרוס 200 גרם</ItemName>
      <ManufacturerName>לא ידוע</ManufacturerName>
      <ManufactureCountry>ישראל</ManufactureCountry>
      <ManufacturerItemDescription>גבינת גאודה טבעי פרו</ManufacturerItemDescription>
      <UnitQty>גרמים</UnitQty>
      <Quantity>200.00</Quantity>
      <bIsWeighted>0</bIsWeighted>
      <UnitOfMeasure>100 גרם</UnitOfMeasure>
      <QtyInPackage>1</QtyInPackage>
      <ItemPrice>28.50</ItemPrice>
      <UnitOfMeasurePrice>14.25</UnitOfMeasurePrice>
      <AllowDiscount>1</AllowDiscount>
      <ItemStatus>1</ItemStatus>
    </Item>
    <Item>
      <PriceUpdateDate>2025-09-16 12:36</PriceUpdateDate>
      <ItemCode>7290000571478</ItemCode>
      <ItemType>1</ItemType>
      <ItemName>גבינת תום עיזים פרוס 200 גרם</ItemName>
      <ManufacturerName>לא ידוע</ManufacturerName>
      <ManufactureCountry>ישראל</ManufactureCountry>
      <ManufacturerItemDescription>גבינת תום עיזים פרוס</ManufacturerItemDescription>
      <UnitQty>גרמים</UnitQty>
      <Quantity>200.00</Quantity>
      <bIsWeighted>0</bIsWeighted>
      <UnitOfMeasure>100 גרם</UnitOfMeasure>
      <QtyInPackage>1</QtyInPackage>
      <ItemPrice>44.90</ItemPrice>
      <UnitOfMeasurePrice>22.45</UnitOfMeasurePrice>
      <AllowDiscount>1</AllowDiscount>
      <ItemStatus>1</ItemStatus>
    </Item>
    <Item>
      <PriceUpdateDate>2024-04-03 18:16</PriceUpdateDate>
      <ItemCode>7290000644783</ItemCode>
      <ItemType>1</ItemType>
      <ItemName>פילה סלמון קפוא מנות תנובה</ItemName>
      <ManufacturerName>לא ידוע</ManufacturerName>
      <ManufactureCountry>לא ידוע</ManufactureCountry>
      <ManufacturerItemDescription>פילה סלמון קפוא מנות</ManufacturerItemDescription>
      <UnitQty>Unknown</UnitQty>
      <Quantity>0.00</Quantity>
      <bIsWeighted>1</bIsWeighted>
      <UnitOfMeasure>ק"ג</UnitOfMeasure>
      <QtyInPackage>0</QtyInPackage>
      <ItemPrice>109.00</ItemPrice>
      <UnitOfMeasurePrice>109.00</UnitOfMeasurePrice>
      <AllowDiscount>1</AllowDiscount>
      <ItemStatus>1</ItemStatus>
    </Item>
    <Item>
      <PriceUpdateDate>2025-09-10 12:48</PriceUpdateDate>
      <ItemCode>7290000652542</ItemCode>
      <ItemType>1</ItemType>
      <ItemName>פילה אמנון קפוא</ItemName>
      <ManufacturerName>לא ידוע</ManufacturerName>
      <ManufactureCountry>לא ידוע</ManufactureCountry>
      <ManufacturerItemDescription>פילה אמנון קפוא     </ManufacturerItemDescription>
      <UnitQty>Unknown</UnitQty>
      <Quantity>0.00</Quantity>
      <bIsWeighted>1</bIsWeighted>
      <UnitOfMeasure>ק"ג</UnitOfMeasure>
      <QtyInPackage>0</QtyInPackage>
      <ItemPrice>39.90</ItemPrice>
      <UnitOfMeasurePrice>39.90</UnitOfMeasurePrice>
      <AllowDiscount>1</AllowDiscount>
      <ItemStatus>1</ItemStatus>
    </Item>
    <Item>
      <PriceUpdateDate>2025-01-29 07:08</PriceUpdateDate>
      <ItemCode>7290000664095</ItemCode>
      <ItemType>1</ItemType>
      <ItemName>חצי פילה סלמון קפוא ללא עור במשקל</ItemName>
      <ManufacturerName>לא ידוע</ManufacturerName>
      <ManufactureCountry>ישראל</ManufactureCountry>
      <ManufacturerItemDescription>חצי פילה סלמון קפוא </ManufacturerItemDescription>
      <UnitQty>Unknown</UnitQty>
      <Quantity>0.00</Quantity>
      <bIsWeighted>1</bIsWeighted>
      <UnitOfMeasure>ק"ג</UnitOfMeasure>
      <QtyInPackage>0</QtyInPackage>
      <ItemPrice>124.90</ItemPrice>
      <UnitOfMeasurePrice>124.90</UnitOfMeasurePrice>
      <AllowDiscount>1</AllowDiscount>
      <ItemStatus>1</ItemStatus>
    </Item>
    <Item>
      <PriceUpdateDate>2024-12-02 15:20</PriceUpdateDate>
      <ItemCode>7290000688381</ItemCode>
      <ItemType>1</ItemType>
      <ItemName>מי עדן שישיה אישי 500 מ"ל</ItemName>
      <ManufacturerName>לא ידוע</ManufacturerName>
      <ManufactureCountry>לא ידוע</ManufactureCountry>
      <ManufacturerItemDescription>מי עדן שישיה אישי   </ManufacturerItemDescription>
      <UnitQty>מיליליטרים</UnitQty>
      <Quantity>3000.00</Quantity>
      <bIsWeighted>0</bIsWeighted>
      <UnitOfMeasure>100 מ"ל</UnitOfMeasure>
      <QtyInPackage>1</QtyInPackage>
      <ItemPrice>17.90</ItemPrice>
      <UnitOfMeasurePrice>0.60</UnitOfMeasurePrice>
      <AllowDiscount>1</AllowDiscount>
      <ItemStatus>1</ItemStatus>
    </Item>
    <Item>
      <PriceUpdateDate>2025-03-06 18:51</PriceUpdateDate>
      <ItemCode>7290000754338</ItemCode>
      <ItemType>1</ItemType>
      <ItemName>מארז סופגניה 6 יחידות</ItemName>
      <ManufacturerName>לא ידוע</ManufacturerName>
      <ManufactureCountry>IL</ManufactureCountry>
      <ManufacturerItemDescription>מארז סופגניה 6 יחידו</ManufacturerItemDescription>
      <UnitQty>Unknown</UnitQty>
      <Quantity>0.00</Quantity>
      <bIsWeighted>0</bIsWeighted>
      <UnitOfMeasure>Unknown</UnitOfMeasure>
      <QtyInPackage>1</QtyInPackage>
      <ItemPrice>26.90</ItemPrice>
      <UnitOfMeasurePrice>26.90</UnitOfMeasurePrice>
      <AllowDiscount>1</AllowDiscount>
      <ItemStatus>1</ItemStatus>
    </Item>
    <Item>
      <PriceUpdateDate>2024-10-30 13:27</PriceUpdateDate>
      <ItemCode>7290000993560</ItemCode>
      <ItemType>1</ItemType>
      <ItemName>שרי מנומר</ItemName>
      <ManufacturerName>לא ידוע</ManufacturerName>
      <ManufactureCountry>לא ידוע</ManufactureCountry>
      <ManufacturerItemDescription>שרי מנומר ארוז      </ManufacturerItemDescription>
      <UnitQty>יחידה</UnitQty>
      <Quantity>1.00</Quantity>
      <bIsWeighted>0</bIsWeighted>
      <UnitOfMeasure>יחידה</UnitOfMeasure>
      <QtyInPackage>1</QtyInPackage>
      <ItemPrice>18.90</ItemPrice>
      <UnitOfMeasurePrice>18.90</UnitOfMeasurePrice>
      <AllowDiscount>1</AllowDiscount>
      <ItemStatus>1</ItemStatus>
    </Item>
    <Item>
      <PriceUpdateDate>2021-01-20 21:12</PriceUpdateDate>
      <ItemCode>7290000995410</ItemCode>
      <ItemType>1</ItemType>
      <ItemName>נבטים סינים</ItemName>
      <ManufacturerName>לא ידוע</ManufacturerName>
      <ManufactureCountry>לא ידוע</ManufactureCountry>
      <ManufacturerItemDescription>נבטים סינים         </ManufacturerItemDescription>
      <UnitQty>Unknown</UnitQty>
      <Quantity>0.00</Quantity>
      <bIsWeighted>0</bIsWeighted>
      <UnitOfMeasure>Unknown</UnitOfMeasure>
      <QtyInPackage>1</QtyInPackage>
      <ItemPrice>8.90</ItemPrice>
      <UnitOfMeasurePrice>8.90</UnitOfMeasurePrice>
      <AllowDiscount>1</AllowDiscount>
      <ItemStatus>1</ItemStatus>
    </Item>
    <Item>
      <PriceUpdateDate>2025-03-20 09:58</PriceUpdateDate>
      <ItemCode>7290001111500</ItemCode>
      <ItemType>1</ItemType>
      <ItemName>לחם מחמצת בטעמים 700 גרם</ItemName>
      <ManufacturerName>לא ידוע</ManufacturerName>
      <ManufactureCountry>לא ידוע</ManufactureCountry>
      <ManufacturerItemDescription>לחם מחמצת בטעמים 700</ManufacturerItemDescription>
      <UnitQty>גרמים</UnitQty>
      <Quantity>700.00</Quantity>
      <bIsWeighted>0</bIsWeighted>
      <UnitOfMeasure>100 גרם</UnitOfMeasure>
      <QtyInPackage>1</QtyInPackage>
      <ItemPrice>19.90</ItemPrice>
      <UnitOfMeasurePrice>2.84</UnitOfMeasurePrice>
      <AllowDiscount>1</AllowDiscount>
      <ItemStatus>1</ItemStatus>
    </Item>
    <Item>
      <PriceUpdateDate>2023-08-20 11:18</PriceUpdateDate>
      <ItemCode>7290001216040</ItemCode>
      <ItemType>1</ItemType>
      <ItemName>טחינה 500 גרם טחינת אל-ארז</ItemName>
      <ManufacturerName>לא ידוע</ManufacturerName>
      <ManufactureCountry>לא ידוע</ManufactureCountry>
      <ManufacturerItemDescription>טחינה 500 גרם טחינת </ManufacturerItemDescription>
      <UnitQty>גרמים</UnitQty>
      <Quantity>500.00</Quantity>
      <bIsWeighted>0</bIsWeighted>
      <UnitOfMeasure>100 גרם</UnitOfMeasure>
      <QtyInPackage>1</QtyInPackage>
      <ItemPrice>19.90</ItemPrice>
      <UnitOfMeasurePrice>3.98</UnitOfMeasurePrice>
      <AllowDiscount>1</AllowDiscount>
      <ItemStatus>1</ItemStatus>
    </Item>
    <Item>
      <PriceUpdateDate>2023-06-20 09:47</PriceUpdateDate>
      <ItemCode>7290001216057</ItemCode>
      <ItemType>1</ItemType>
      <ItemName>טחינה 1 ק"ג טחינת אל-ארז</ItemName>
      <ManufacturerName>לא ידוע</ManufacturerName>
      <ManufactureCountry>לא ידוע</ManufactureCountry>
      <ManufacturerItemDescription>טחינה 1 ק"ג טחינת אל</ManufacturerItemDescription>
      <UnitQty>גרמים</UnitQty>
      <Quantity>500.00</Quantity>
      <bIsWeighted>0</bIsWeighted>
      <UnitOfMeasure>100 גרם</UnitOfMeasure>
      <QtyInPackage>1</QtyInPackage>
      <ItemPrice>36.90</ItemPrice>
      <UnitOfMeasurePrice>7.38</UnitOfMeasurePrice>
      <AllowDiscount>1</AllowDiscount>
      <ItemStatus>1</ItemStatus>
    </Item>
    <Item>
      <PriceUpdateDate>2025-10-23 05:40</PriceUpdateDate>
      <ItemCode>7290001216118</ItemCode>
      <ItemType>1</ItemType>
      <ItemName>חלווה בטעם וניל אל ארז 300 גרם</ItemName>
      <ManufacturerName>לא ידוע</ManufacturerName>
      <ManufactureCountry>IL</ManufactureCountry>
      <ManufacturerItemDescription>חלווה בטעם וניל אל א</ManufacturerItemDescription>
      <UnitQty>גרמים</UnitQty>
      <Quantity>300.00</Quantity>
      <bIsWeighted>0</bIsWeighted>
      <UnitOfMeasure>100 גרם</UnitOfMeasure>
      <QtyInPackage>1</QtyInPackage>
      <ItemPrice>17.90</ItemPrice>
      <UnitOfMeasurePrice>5.97</UnitOfMeasurePrice>
      <AllowDiscount>1</AllowDiscount>
      <ItemStatus>1</ItemStatus>
    </Item>
    <Item>
      <PriceUpdateDate>2023-08-27 16:04</PriceUpdateDate>
      <ItemCode>7290001216231</ItemCode>
      <ItemType>1</ItemType>
      <ItemName>טחינה מלאה 500 גרם טחינת אל-ארז</ItemName>
      <ManufacturerName>לא ידוע</ManufacturerName>
      <ManufactureCountry>לא ידוע</ManufactureCountry>
      <ManufacturerItemDescription>טחינה מלאה 500 גרם ט</ManufacturerItemDescription>
      <UnitQty>גרמים</UnitQty>
      <Quantity>500.00</Quantity>
      <bIsWeighted>0</bIsWeighted>
      <UnitOfMeasure>100 גרם</UnitOfMeasure>
      <QtyInPackage>1</QtyInPackage>
      <ItemPrice>20.90</ItemPrice>
      <UnitOfMeasurePrice>4.18</UnitOfMeasurePrice>
      <AllowDiscount>1</AllowDiscount>
      <ItemStatus>1</ItemStatus>
    </Item>
    <Item>
      <PriceUpdateDate>2024-12-11 07:15</PriceUpdateDate>
      <ItemCode>7290001247082</ItemCode>
      <ItemType>1</ItemType>
      <ItemName>קרטונית נקטר ספרינג עגבניות 1 ליטר</ItemName>
      <ManufacturerName>לא ידוע</ManufacturerName>
      <ManufactureCountry>לא ידוע</ManufactureCountry>
      <ManufacturerItemDescription>קרטונית נקטר ספרינג </ManufacturerItemDescription>
      <UnitQty>מיליליטרים</UnitQty>
      <Quantity>1000.00</Quantity>
      <bIsWeighted>0</bIsWeighted>
      <UnitOfMeasure>100 מ"ל</UnitOfMeasure>
      <QtyInPackage>1</QtyInPackage>
      <ItemPrice>7.90</ItemPrice>
      <UnitOfMeasurePrice>0.79</UnitOfMeasurePrice>
      <AllowDiscount>1</AllowDiscount>
      <ItemStatus>1</ItemStatus>
    </Item>
    <Item>
      <PriceUpdateDate>2024-12-11 07:13</PriceUpdateDate>
      <ItemCode>7290001247099</ItemCode>
      <ItemType>1</ItemType>
      <ItemName>קרטונית נקטר ספרינג מנגו 1 ליטר</ItemName>
      <ManufacturerName>לא ידוע</ManufacturerName>
      <ManufactureCountry>לא ידוע</ManufactureCountry>
      <ManufacturerItemDescription>קרטונית נקטר ספרינג </ManufacturerItemDescription>
      <UnitQty>מיליליטרים</UnitQty>
      <Quantity>1000.00</Quantity>
      <bIsWeighted>0</bIsWeighted>
      <UnitOfMeasure>100 מ"ל</UnitOfMeasure>
      <QtyInPackage>1</QtyInPackage>
      <ItemPrice>7.90</ItemPrice>
      <UnitOfMeasurePrice>0.79</UnitOfMeasurePrice>
      <AllowDiscount>1</AllowDiscount>
      <ItemStatus>1</ItemStatus>
    </Item>
    <Item>
      <PriceUpdateDate>2024-12-11 07:12</PriceUpdateDate>
      <ItemCode>7290001247112</ItemCode>
      <ItemType>1</ItemType>
      <ItemName>קרטונית נקטר ספרינג לימונענע 1 ליטר</ItemName>
      <ManufacturerName>לא ידוע</ManufacturerName>
      <ManufactureCountry>לא ידוע</ManufactureCountry>
      <ManufacturerItemDescription>קרטונית נקטר ספרינג </ManufacturerItemDescription>
      <UnitQty>מיליליטרים</UnitQty>
      <Quantity>1000.00</Quantity>
      <bIsWeighted>0</bIsWeighted>
      <UnitOfMeasure>100 מ"ל</UnitOfMeasure>
      <QtyInPackage>1</QtyInPackage>
      <ItemPrice>7.90</ItemPrice>
      <UnitOfMeasurePrice>0.79</UnitOfMeasurePrice>
      <AllowDiscount>1</AllowDiscount>
      <ItemStatus>1</ItemStatus>
    </Item>
    <Item>
      <PriceUpdateDate>2024-12-11 07:14</PriceUpdateDate>
      <ItemCode>7290001247129</ItemCode>
      <ItemType>1</ItemType>
      <ItemName>קרטונית נקטר ספרינג תפוזים</ItemName>
      <ManufacturerName>לא ידוע</ManufacturerName>
      <ManufactureCountry>לא ידוע</ManufactureCountry>
      <ManufacturerItemDescription>קרטונית נקטר ספרינג </ManufacturerItemDescription>
      <UnitQty>מיליליטרים</UnitQty>
      <Quantity>1000.00</Quantity>
      <bIsWeighted>0</bIsWeighted>
      <UnitOfMeasure>100 מ"ל</UnitOfMeasure>
      <QtyInPackage>1</QtyInPackage>
      <ItemPrice>7.90</ItemPrice>
      <UnitOfMeasurePrice>0.79</UnitOfMeasurePrice>
      <AllowDiscount>1</AllowDiscount>
      <ItemStatus>1</ItemStatus>
    </Item>
    <Item>
      <PriceUpdateDate>2024-12-11 07:15</PriceUpdateDate>
      <ItemCode>7290001247143</ItemCode>
      <ItemType>1</ItemType>
      <ItemName>קרטונית נקטר ספרינג תפוחים</ItemName>
      <ManufacturerName>לא ידוע</ManufacturerName>
      <ManufactureCountry>לא ידוע</ManufactureCountry>
      <ManufacturerItemDescription>קרטונית נקטר ספרינג </ManufacturerItemDescription>
      <UnitQty>מיליליטרים</UnitQty>
      <Quantity>1000.00</Quantity>
      <bIsWeighted>0</bIsWeighted>
      <UnitOfMeasure>100 מ"ל</UnitOfMeasure>
      <QtyInPackage>1</QtyInPackage>
      <ItemPrice>7.90</ItemPrice>
      <UnitOfMeasurePrice>0.79</UnitOfMeasurePrice>
      <AllowDiscount>1</AllowDiscount>
      <ItemStatus>1</ItemStatus>
    </Item>
    <Item>
      <PriceUpdateDate>2024-02-15 17:20</PriceUpdateDate>
      <ItemCode>7290001305188</ItemCode>
      <ItemType>1</ItemType>
      <ItemName>פלמוליב לכלים אקטיב לימון 750 צהוב</ItemName>
      <ManufacturerName>לא ידוע</ManufacturerName>
      <ManufactureCountry>לא ידוע</ManufactureCountry>
      <ManufacturerItemDescription>פלמוליב לכלים אקטיב </ManufacturerItemDescription>
      <UnitQty>מיליליטרים</UnitQty>
      <Quantity>750.00</Quantity>
      <bIsWeighted>0</bIsWeighted>
      <UnitOfMeasure>100 מ"ל</UnitOfMeasure>
      <QtyInPackage>1</QtyInPackage>
      <ItemPrice>15.90</ItemPrice>
      <UnitOfMeasurePrice>2.12</UnitOfMeasurePrice>
      <AllowDiscount>1</AllowDiscount>
      <ItemStatus>1</ItemStatus>
    </Item>
    <Item>
      <PriceUpdateDate>2024-01-06 20:38</PriceUpdateDate>
      <ItemCode>7290001427019</ItemCode>
      <ItemType>1</ItemType>
      <ItemName>מיץ תפוז קשת 500 מ"ל</ItemName>
      <ManufacturerName>לא ידוע</ManufacturerName>
      <ManufactureCountry />
      <ManufacturerItemDescription>מיץ תפוז קשת 500 מ"ל</ManufacturerItemDescription>
      <UnitQty>מיליליטרים</UnitQty>
      <Quantity>500.00</Quantity>
      <bIsWeighted>0</bIsWeighted>
      <UnitOfMeasure>100 מ"ל</UnitOfMeasure>
      <QtyInPackage>1</QtyInPackage>
      <ItemPrice>20.90</ItemPrice>
      <UnitOfMeasurePrice>4.18</UnitOfMeasurePrice>
      <AllowDiscount>1</AllowDiscount>
      <ItemStatus>1</ItemStatus>
    </Item>
    <Item>
      <PriceUpdateDate>2025-03-11 08:28</PriceUpdateDate>
      <ItemCode>7290001482094</ItemCode>
      <ItemType>1</ItemType>
      <ItemName>פרמזנו 200 גר</ItemName>
      <ManufacturerName>לא ידוע</ManufacturerName>
      <ManufactureCountry>לא ידוע</ManufactureCountry>
      <ManufacturerItemDescription>פרמזנו 200 גר       </ManufacturerItemDescription>
      <UnitQty>גרמים</UnitQty>
      <Quantity>200.00</Quantity>
      <bIsWeighted>0</bIsWeighted>
      <UnitOfMeasure>100 גרם</UnitOfMeasure>
      <QtyInPackage>1</QtyInPackage>
      <ItemPrice>32.90</ItemPrice>
      <UnitOfMeasurePrice>16.45</UnitOfMeasurePrice>
      <AllowDiscount>1</AllowDiscount>
      <ItemStatus>1</ItemStatus>
    </Item>
    <Item>
      <PriceUpdateDate>2025-01-13 10:19</PriceUpdateDate>
      <ItemCode>7290001491010</ItemCode>
      <ItemType>1</ItemType>
      <ItemName>תה ירוק יסמין 25 שקיקים 1.5 גרם</ItemName>
      <ManufacturerName>לא ידוע</ManufacturerName>
      <ManufactureCountry>לא ידוע</ManufactureCountry>
      <ManufacturerItemDescription>תה ירוק יסמין 25 שקי</ManufacturerItemDescription>
      <UnitQty>Unknown</UnitQty>
      <Quantity>0.00</Quantity>
      <bIsWeighted>0</bIsWeighted>
      <UnitOfMeasure>Unknown</UnitOfMeasure>
      <QtyInPackage>1</QtyInPackage>
      <ItemPrice>27.90</ItemPrice>
      <UnitOfMeasurePrice>27.90</UnitOfMeasurePrice>
      <AllowDiscount>1</AllowDiscount>
      <ItemStatus>1</ItemStatus>
    </Item>
    <Item>
      <PriceUpdateDate>2025-03-03 06:56</PriceUpdateDate>
      <ItemCode>7290001581049</ItemCode>
      <ItemType>1</ItemType>
      <ItemName>שיפודי פרגיות קפוא מזרע</ItemName>
      <ManufacturerName>לא ידוע</ManufacturerName>
      <ManufactureCountry>לא ידוע</ManufactureCountry>
      <ManufacturerItemDescription>שיפודי פרגיות קפואים</ManufacturerItemDescription>
      <UnitQty>Unknown</UnitQty>
      <Quantity>0.00</Quantity>
      <bIsWeighted>1</bIsWeighted>
      <UnitOfMeasure>ק"ג</UnitOfMeasure>
      <QtyInPackage>0</QtyInPackage>
      <ItemPrice>77.90</ItemPrice>
      <UnitOfMeasurePrice>77.90</UnitOfMeasurePrice>
      <AllowDiscount>1</AllowDiscount>
      <ItemStatus>1</ItemStatus>
    </Item>
    <Item>
      <PriceUpdateDate>2023-06-11 08:23</PriceUpdateDate>
      <ItemCode>7290001581070</ItemCode>
      <ItemType>1</ItemType>
      <ItemName>כרעיים עוף טרי</ItemName>
      <ManufacturerName>לא ידוע</ManufacturerName>
      <ManufactureCountry>לא ידוע</ManufactureCountry>
      <ManufacturerItemDescription>כרעיים עוף טרי      </ManufacturerItemDescription>
      <UnitQty>Unknown</UnitQty>
      <Quantity>0.00</Quantity>
      <bIsWeighted>1</bIsWeighted>
      <UnitOfMeasure>ק"ג</UnitOfMeasure>
      <QtyInPackage>0</QtyInPackage>
      <ItemPrice>26.90</ItemPrice>
      <UnitOfMeasurePrice>26.90</UnitOfMeasurePrice>
      <AllowDiscount>1</AllowDiscount>
      <ItemStatus>1</ItemStatus>
    </Item>
    <Item>
      <PriceUpdateDate>2024-07-04 09:18</PriceUpdateDate>
      <ItemCode>7290001581094</ItemCode>
      <ItemType>1</ItemType>
      <ItemName>כנפיים עוף ללא נוצות טרי</ItemName>
      <ManufacturerName>לא ידוע</ManufacturerName>
      <ManufactureCountry>לא ידוע</ManufactureCountry>
      <ManufacturerItemDescription>כנפיים עוף ללא נוצות</ManufacturerItemDescription>
      <UnitQty>Unknown</UnitQty>
      <Quantity>0.00</Quantity>
      <bIsWeighted>1</bIsWeighted>
      <UnitOfMeasure>ק"ג</UnitOfMeasure>
      <QtyInPackage>0</QtyInPackage>
      <ItemPrice>19.90</ItemPrice>
      <UnitOfMeasurePrice>19.90</UnitOfMeasurePrice>
      <AllowDiscount>1</AllowDiscount>
      <ItemStatus>1</ItemStatus>
    </Item>
    <Item>
      <PriceUpdateDate>2025-12-02 11:25</PriceUpdateDate>
      <ItemCode>7290001581643</ItemCode>
      <ItemType>1</ItemType>
      <ItemName>סטייק סינטה עגלה טרי פריים</ItemName>
      <ManufacturerName>לא ידוע</ManufacturerName>
      <ManufactureCountry>IL</ManufactureCountry>
      <ManufacturerItemDescription>סטייק סינטה עגלה טרי</ManufacturerItemDescription>
      <UnitQty>Unknown</UnitQty>
      <Quantity>0.00</Quantity>
      <bIsWeighted>1</bIsWeighted>
      <UnitOfMeasure>ק"ג</UnitOfMeasure>
      <QtyInPackage>0</QtyInPackage>
      <ItemPrice>169.90</ItemPrice>
      <UnitOfMeasurePrice>169.90</UnitOfMeasurePrice>
      <AllowDiscount>1</AllowDiscount>
      <ItemStatus>1</ItemStatus>
    </Item>
    <Item>
      <PriceUpdateDate>2024-01-13 16:15</PriceUpdateDate>
      <ItemCode>7290001581797</ItemCode>
      <ItemType>1</ItemType>
      <ItemName>בשר עגל טחון קפוא</ItemName>
      <ManufacturerName>לא ידוע</ManufacturerName>
      <ManufactureCountry>ישראל</ManufactureCountry>
      <ManufacturerItemDescription>בשר עגל טחון 600 גרם</ManufacturerItemDescription>
      <UnitQty>גרמים</UnitQty>
      <Quantity>600.00</Quantity>
      <bIsWeighted>0</bIsWeighted>
      <UnitOfMeasure>100 גרם</UnitOfMeasure>
      <QtyInPackage>1</QtyInPackage>
      <ItemPrice>36.90</ItemPrice>
      <UnitOfMeasurePrice>6.15</UnitOfMeasurePrice>
      <AllowDiscount>1</AllowDiscount>
      <ItemStatus>1</ItemStatus>
    </Item>
    <Item>
      <PriceUpdateDate>2023-12-26 08:41</PriceUpdateDate>
      <ItemCode>7290001588437</ItemCode>
      <ItemType>1</ItemType>
      <ItemName>מלפפון אורגני</ItemName>
      <ManufacturerName>לא ידוע</ManufacturerName>
      <ManufactureCountry>לא ידוע</ManufactureCountry>
      <ManufacturerItemDescription>מלפפון אורגני שדות  </ManufacturerItemDescription>
      <UnitQty>Unknown</UnitQty>
      <Quantity>0.00</Quantity>
      <bIsWeighted>1</bIsWeighted>
      <UnitOfMeasure>ק"ג</UnitOfMeasure>
      <QtyInPackage>0</QtyInPackage>
      <ItemPrice>15.90</ItemPrice>
      <UnitOfMeasurePrice>15.90</UnitOfMeasurePrice>
      <AllowDiscount>1</AllowDiscount>
      <ItemStatus>1</ItemStatus>
    </Item>
    <Item>
      <PriceUpdateDate>2023-12-26 08:42</PriceUpdateDate>
      <ItemCode>7290001588444</ItemCode>
      <ItemType>1</ItemType>
      <ItemName>עגבניה אורגנית</ItemName>
      <ManufacturerName>לא ידוע</ManufacturerName>
      <ManufactureCountry>לא ידוע</ManufactureCountry>
      <ManufacturerItemDescription>עגבניה אורגנית שדות </ManufacturerItemDescription>
      <UnitQty>Unknown</UnitQty>
      <Quantity>0.00</Quantity>
      <bIsWeighted>1</bIsWeighted>
      <UnitOfMeasure>ק"ג</UnitOfMeasure>
      <QtyInPackage>0</QtyInPackage>
      <ItemPrice>15.90</ItemPrice>
      <UnitOfMeasurePrice>15.90</UnitOfMeasurePrice>
      <AllowDiscount>1</AllowDiscount>
      <ItemStatus>1</ItemStatus>
    </Item>
    <Item>
      <PriceUpdateDate>2023-12-26 08:42</PriceUpdateDate>
      <ItemCode>7290001588475</ItemCode>
      <ItemType>1</ItemType>
      <ItemName>פלפל אדום אורגני</ItemName>
      <ManufacturerName>לא ידוע</ManufacturerName>
      <ManufactureCountry>לא ידוע</ManufactureCountry>
      <ManufacturerItemDescription>פלפל אדום אורגני    </ManufacturerItemDescription>
      <UnitQty>Unknown</UnitQty>
      <Quantity>0.00</Quantity>
      <bIsWeighted>1</bIsWeighted>
      <UnitOfMeasure>ק"ג</UnitOfMeasure>
      <QtyInPackage>0</QtyInPackage>
      <ItemPrice>19.90</ItemPrice>
      <UnitOfMeasurePrice>19.90</UnitOfMeasurePrice>
      <AllowDiscount>1</AllowDiscount>
      <ItemStatus>1</ItemStatus>
    </Item>
    <Item>
      <PriceUpdateDate>2021-01-20 21:12</PriceUpdateDate>
      <ItemCode>7290001588567</ItemCode>
      <ItemType>1</ItemType>
      <ItemName>תפוח עץ אורגני אדום</ItemName>
      <ManufacturerName>לא ידוע</ManufacturerName>
      <ManufactureCountry>לא ידוע</ManufactureCountry>
      <ManufacturerItemDescription>תפוח עץ אורגני אדום </ManufacturerItemDescription>
      <UnitQty>Unknown</UnitQty>
      <Quantity>0.00</Quantity>
      <bIsWeighted>1</bIsWeighted>
      <UnitOfMeasure>ק"ג</UnitOfMeasure>
      <QtyInPackage>0</QtyInPackage>
      <ItemPrice>29.90</ItemPrice>
      <UnitOfMeasurePrice>29.90</UnitOfMeasurePrice>
      <AllowDiscount>1</AllowDiscount>
      <ItemStatus>1</ItemStatus>
    </Item>
    <Item>
      <PriceUpdateDate>2025-05-27 15:12</PriceUpdateDate>
      <ItemCode>7290001594155</ItemCode>
      <ItemType>1</ItemType>
      <ItemName>קוקה קולה 500 מ"ל</ItemName>
      <ManufacturerName>לא ידוע</ManufacturerName>
      <ManufactureCountry>לא ידוע</ManufactureCountry>
      <ManufacturerItemDescription>קוקה קולה 500 מ"ל   </ManufacturerItemDescription>
      <UnitQty>מיליליטרים</UnitQty>
      <Quantity>500.00</Quantity>
      <bIsWeighted>0</bIsWeighted>
      <UnitOfMeasure>100 מ"ל</UnitOfMeasure>
      <QtyInPackage>1</QtyInPackage>
      <ItemPrice>8.90</ItemPrice>
      <UnitOfMeasurePrice>1.78</UnitOfMeasurePrice>
      <AllowDiscount>1</AllowDiscount>
      <ItemStatus>1</ItemStatus>
    </Item>
    <Item>
      <PriceUpdateDate>2025-05-27 15:11</PriceUpdateDate>
      <ItemCode>7290001594179</ItemCode>
      <ItemType>1</ItemType>
      <ItemName>פאנטה אורנג 500 מ"ל</ItemName>
      <ManufacturerName>לא ידוע</ManufacturerName>
      <ManufactureCountry>לא ידוע</ManufactureCountry>
      <ManufacturerItemDescription>פאנטה אורנג 500 מ"ל </ManufacturerItemDescription>
      <UnitQty>מיליליטרים</UnitQty>
      <Quantity>500.00</Quantity>
      <bIsWeighted>0</bIsWeighted>
      <UnitOfMeasure>100 מ"ל</UnitOfMeasure>
      <QtyInPackage>1</QtyInPackage>
      <ItemPrice>8.90</ItemPrice>
      <UnitOfMeasurePrice>1.78</UnitOfMeasurePrice>
      <AllowDiscount>1</AllowDiscount>
      <ItemStatus>1</ItemStatus>
    </Item>
    <Item>
      <PriceUpdateDate>2025-05-27 15:11</PriceUpdateDate>
      <ItemCode>7290001594186</ItemCode>
      <ItemType>1</ItemType>
      <ItemName>קוקה קולה דיאט 500 מ"ל</ItemName>
      <ManufacturerName>לא ידוע</ManufacturerName>
      <ManufactureCountry>לא ידוע</ManufactureCountry>
      <ManufacturerItemDescription>קוקה קולה דיאט 500 מ</ManufacturerItemDescription>
      <UnitQty>מיליליטרים</UnitQty>
      <Quantity>500.00</Quantity>
      <bIsWeighted>0</bIsWeighted>
      <UnitOfMeasure>100 מ"ל</UnitOfMeasure>
      <QtyInPackage>1</QtyInPackage>
      <ItemPrice>8.90</ItemPrice>
      <UnitOfMeasurePrice>1.78</UnitOfMeasurePrice>
      <AllowDiscount>1</AllowDiscount>
      <ItemStatus>1</ItemStatus>
    </Item>
    <Item>
      <PriceUpdateDate>2025-05-27 15:12</PriceUpdateDate>
      <ItemCode>7290001594377</ItemCode>
      <ItemType>1</ItemType>
      <ItemName>פריגת תפוזים 500 מ"ל</ItemName>
      <ManufacturerName>לא ידוע</ManufacturerName>
      <ManufactureCountry>לא ידוע</ManufactureCountry>
      <ManufacturerItemDescription>פריגת תפוזים 500 מ"ל</ManufacturerItemDescription>
      <UnitQty>מיליליטרים</UnitQty>
      <Quantity>500.00</Quantity>
      <bIsWeighted>0</bIsWeighted>
      <UnitOfMeasure>100 מ"ל</UnitOfMeasure>
      <QtyInPackage>1</QtyInPackage>
      <ItemPrice>6.00</ItemPrice>
      <UnitOfMeasurePrice>1.20</UnitOfMeasurePrice>
      <AllowDiscount>1</AllowDiscount>
      <ItemStatus>1</ItemStatus>
    </Item>
    <Item>
      <PriceUpdateDate>2024-05-27 10:48</PriceUpdateDate>
      <ItemCode>7290001594568</ItemCode>
      <ItemType>1</ItemType>
      <ItemName>קרלסברג פחית 500 מ"ל</ItemName>
      <ManufacturerName>לא ידוע</ManufacturerName>
      <ManufactureCountry>לא ידוע</ManufactureCountry>
      <ManufacturerItemDescription>קרלסברג פחית 500 מ"ל</ManufacturerItemDescription>
      <UnitQty>מיליליטרים</UnitQty>
      <Quantity>500.00</Quantity>
      <bIsWeighted>0</bIsWeighted>
      <UnitOfMeasure>100 מ"ל</UnitOfMeasure>
      <QtyInPackage>1</QtyInPackage>
      <ItemPrice>11.50</ItemPrice>
      <UnitOfMeasurePrice>2.30</UnitOfMeasurePrice>
      <AllowDiscount>1</AllowDiscount>
      <ItemStatus>1</ItemStatus>
    </Item>
    <Item>
      <PriceUpdateDate>2024-05-27 10:48</PriceUpdateDate>
      <ItemCode>7290001594575</ItemCode>
      <ItemType>1</ItemType>
      <ItemName>טובורג 500 מ"ל</ItemName>
      <ManufacturerName>לא ידוע</ManufacturerName>
      <ManufactureCountry>לא ידוע</ManufactureCountry>
      <ManufacturerItemDescription>בירה טובורג 500 מ"ל </ManufacturerItemDescription>
      <UnitQty>מיליליטרים</UnitQty>
      <Quantity>500.00</Quantity>
      <bIsWeighted>0</bIsWeighted>
      <UnitOfMeasure>100 מ"ל</UnitOfMeasure>
      <QtyInPackage>1</QtyInPackage>
      <ItemPrice>11.50</ItemPrice>
      <UnitOfMeasurePrice>2.30</UnitOfMeasurePrice>
      <AllowDiscount>1</AllowDiscount>
      <ItemStatus>1</ItemStatus>
    </Item>
    <Item>
      <PriceUpdateDate>2024-10-10 18:15</PriceUpdateDate>
      <ItemCode>7290001594865</ItemCode>
      <ItemType>1</ItemType>
      <ItemName>קרלסברג שישיה בקבוק 330 מ"ל</ItemName>
      <ManufacturerName>לא ידוע</ManufacturerName>
      <ManufactureCountry>לא ידוע</ManufactureCountry>
      <ManufacturerItemDescription>קרלסברג שישיה בקבוק </ManufacturerItemDescription>
      <UnitQty>מיליליטרים</UnitQty>
      <Quantity>1980.00</Quantity>
      <bIsWeighted>0</bIsWeighted>
      <UnitOfMeasure>100 מ"ל</UnitOfMeasure>
      <QtyInPackage>1</QtyInPackage>
      <ItemPrice>39.90</ItemPrice>
      <UnitOfMeasurePrice>2.02</UnitOfMeasurePrice>
      <AllowDiscount>1</AllowDiscount>
      <ItemStatus>1</ItemStatus>
    </Item>
    <Item>
      <PriceUpdateDate>2024-01-28 06:33</PriceUpdateDate>
      <ItemCode>7290001817377</ItemCode>
      <ItemType>1</ItemType>
      <ItemName>ציטוס איקס עיגול 60 גרם</ItemName>
      <ManufacturerName>לא ידוע</ManufacturerName>
      <ManufactureCountry>ישראל</ManufactureCountry>
      <ManufacturerItemDescription>ציטוס איקס עיגול 60 </ManufacturerItemDescription>
      <UnitQty>גרמים</UnitQty>
      <Quantity>60.00</Quantity>
      <bIsWeighted>0</bIsWeighted>
      <UnitOfMeasure>100 גרם</UnitOfMeasure>
      <QtyInPackage>1</QtyInPackage>
      <ItemPrice>5.50</ItemPrice>
      <UnitOfMeasurePrice>9.17</UnitOfMeasurePrice>
      <AllowDiscount>1</AllowDiscount>
      <ItemStatus>1</ItemStatus>
    </Item>
    <Item>
      <PriceUpdateDate>2025-07-03 13:15</PriceUpdateDate>
      <ItemCode>7290001951248</ItemCode>
      <ItemType>1</ItemType>
      <ItemName>שניצל דק עוף לולו</ItemName>
      <ManufacturerName>לולו</ManufacturerName>
      <ManufactureCountry>ישראל</ManufactureCountry>
      <ManufacturerItemDescription>שניצל דק עוף לולו   </ManufacturerItemDescription>
      <UnitQty>Unknown</UnitQty>
      <Quantity>0.00</Quantity>
      <bIsWeighted>1</bIsWeighted>
      <UnitOfMeasure>ק"ג</UnitOfMeasure>
      <QtyInPackage>0</QtyInPackage>
      <ItemPrice>69.90</ItemPrice>
      <UnitOfMeasurePrice>69.90</UnitOfMeasurePrice>
      <AllowDiscount>1</AllowDiscount>
      <ItemStatus>1</ItemStatus>
    </Item>
    <Item>
      <PriceUpdateDate>2024-09-19 13:08</PriceUpdateDate>
      <ItemCode>7290001951347</ItemCode>
      <ItemType>1</ItemType>
      <ItemName>קוקטייל עוף לולו</ItemName>
      <ManufacturerName>לולו</ManufacturerName>
      <ManufactureCountry>ישראל</ManufactureCountry>
      <ManufacturerItemDescription>קוקטייל עוף לולו    </ManufacturerItemDescription>
      <UnitQty>Unknown</UnitQty>
      <Quantity>0.00</Quantity>
      <bIsWeighted>1</bIsWeighted>
      <UnitOfMeasure>ק"ג</UnitOfMeasure>
      <QtyInPackage>0</QtyInPackage>
      <ItemPrice>55.90</ItemPrice>
      <UnitOfMeasurePrice>55.90</UnitOfMeasurePrice>
      <AllowDiscount>1</AllowDiscount>
      <ItemStatus>1</ItemStatus>
    </Item>
    <Item>
      <PriceUpdateDate>2024-11-18 16:02</PriceUpdateDate>
      <ItemCode>7290001990117</ItemCode>
      <ItemType>1</ItemType>
      <ItemName>שומשום 100 גרם</ItemName>
      <ManufacturerName>לא ידוע</ManufacturerName>
      <ManufactureCountry>לא ידוע</ManufactureCountry>
      <ManufacturerItemDescription>שומשום 100 גרם      </ManufacturerItemDescription>
      <UnitQty>גרמים</UnitQty>
      <Quantity>100.00</Quantity>
      <bIsWeighted>0</bIsWeighted>
      <UnitOfMeasure>100 גרם</UnitOfMeasure>
      <QtyInPackage>1</QtyInPackage>
      <ItemPrice>5.00</ItemPrice>
      <UnitOfMeasurePrice>5.00</UnitOfMeasurePrice>
      <AllowDiscount>1</AllowDiscount>
      <ItemStatus>1</ItemStatus>
    </Item>
    <Item>
      <PriceUpdateDate>2025-09-05 09:13</PriceUpdateDate>
      <ItemCode>7290001990148</ItemCode>
      <ItemType>1</ItemType>
      <ItemName>סוכר גולדן קלאסי צנצנת 1 קג</ItemName>
      <ManufacturerName>לא ידוע</ManufacturerName>
      <ManufactureCountry>לא ידוע</ManufactureCountry>
      <ManufacturerItemDescription>סוכר גולדן קלאסי צנצ</ManufacturerItemDescription>
      <UnitQty>גרמים</UnitQty>
      <Quantity>1000.00</Quantity>
      <bIsWeighted>0</bIsWeighted>
      <UnitOfMeasure>100 גרם</UnitOfMeasure>
      <QtyInPackage>1</QtyInPackage>
      <ItemPrice>16.90</ItemPrice>
      <UnitOfMeasurePrice>1.69</UnitOfMeasurePrice>
      <AllowDiscount>1</AllowDiscount>
      <ItemStatus>1</ItemStatus>
    </Item>
    <Item>
      <PriceUpdateDate>2024-12-01 14:39</PriceUpdateDate>
      <ItemCode>7290001990261</ItemCode>
      <ItemType>1</ItemType>
      <ItemName>חומוס 1 ק"ג</ItemName>
      <ManufacturerName>לא ידוע</ManufacturerName>
      <ManufactureCountry>לא ידוע</ManufactureCountry>
      <ManufacturerItemDescription>חומוס 1 ק"ג         </ManufacturerItemDescription>
      <UnitQty>גרמים</UnitQty>
      <Quantity>1000.00</Quantity>
      <bIsWeighted>0</bIsWeighted>
      <UnitOfMeasure>100 גרם</UnitOfMeasure>
      <QtyInPackage>1</QtyInPackage>
      <ItemPrice>19.90</ItemPrice>
      <UnitOfMeasurePrice>1.99</UnitOfMeasurePrice>
      <AllowDiscount>1</AllowDiscount>
      <ItemStatus>1</ItemStatus>
    </Item>
    <Item>
      <PriceUpdateDate>2025-03-25 07:01</PriceUpdateDate>
      <ItemCode>7290001990414</ItemCode>
      <ItemType>1</ItemType>
      <ItemName>עדשים אדומים 1 קג</ItemName>
      <ManufacturerName>לא ידוע</ManufacturerName>
      <ManufactureCountry>לא ידוע</ManufactureCountry>
      <ManufacturerItemDescription>עדשים אדומים 1 ק"ג  </ManufacturerItemDescription>
      <UnitQty>גרמים</UnitQty>
      <Quantity>1000.00</Quantity>
      <bIsWeighted>0</bIsWeighted>
      <UnitOfMeasure>100 גרם</UnitOfMeasure>
      <QtyInPackage>1</QtyInPackage>
      <ItemPrice>21.90</ItemPrice>
      <UnitOfMeasurePrice>2.19</UnitOfMeasurePrice>
      <AllowDiscount>1</AllowDiscount>
      <ItemStatus>1</ItemStatus>
    </Item>
    <Item>
      <PriceUpdateDate>2025-03-20 12:21</PriceUpdateDate>
      <ItemCode>7290001990421</ItemCode>
      <ItemType>1</ItemType>
      <ItemName>פופקורן 1 קג</ItemName>
      <ManufacturerName>לא ידוע</ManufacturerName>
      <ManufactureCountry>לא ידוע</ManufactureCountry>
      <ManufacturerItemDescription>פופקורן 1 ק"ג       </ManufacturerItemDescription>
      <UnitQty>גרמים</UnitQty>
      <Quantity>1000.00</Quantity>
      <bIsWeighted>0</bIsWeighted>
      <UnitOfMeasure>100 גרם</UnitOfMeasure>
      <QtyInPackage>1</QtyInPackage>
      <ItemPrice>15.20</ItemPrice>
      <UnitOfMeasurePrice>1.52</UnitOfMeasurePrice>
      <AllowDiscount>1</AllowDiscount>
      <ItemStatus>1</ItemStatus>
    </Item>
    <Item>
      <PriceUpdateDate>2025-02-12 10:09</PriceUpdateDate>
      <ItemCode>7290002019763</ItemCode>
      <ItemType>1</ItemType>
      <ItemName>עגבניות מרוסקות פריניר 800 גר</ItemName>
      <ManufacturerName>לא ידוע</ManufacturerName>
      <ManufactureCountry>לא ידוע</ManufactureCountry>
      <ManufacturerItemDescription>עגבניות מרוסקות 800 </ManufacturerItemDescription>
      <UnitQty>גרמים</UnitQty>
      <Quantity>800.00</Quantity>
      <bIsWeighted>0</bIsWeighted>
      <UnitOfMeasure>100 גרם</UnitOfMeasure>
      <QtyInPackage>1</QtyInPackage>
      <ItemPrice>11.90</ItemPrice>
      <UnitOfMeasurePrice>1.49</UnitOfMeasurePrice>
      <AllowDiscount>1</AllowDiscount>
      <ItemStatus>1</ItemStatus>
    </Item>
    <Item>
      <PriceUpdateDate>2025-01-02 08:25</PriceUpdateDate>
      <ItemCode>7290002037163</ItemCode>
      <ItemType>1</ItemType>
      <ItemName>לחם אחיד פרוס</ItemName>
      <ManufacturerName>לא ידוע</ManufacturerName>
      <ManufactureCountry>לא ידוע</ManufactureCountry>
      <ManufacturerItemDescription>לחם אחיד פרוס       </ManufacturerItemDescription>
      <UnitQty>גרמים</UnitQty>
      <Quantity>750.00</Quantity>
      <bIsWeighted>0</bIsWeighted>
      <UnitOfMeasure>100 גרם</UnitOfMeasure>
      <QtyInPackage>1</QtyInPackage>
      <ItemPrice>8.38</ItemPrice>
      <UnitOfMeasurePrice>1.12</UnitOfMeasurePrice>
      <AllowDiscount>1</AllowDiscount>
      <ItemStatus>1</ItemStatus>
    </Item>
    <Item>
      <PriceUpdateDate>2025-08-13 14:51</PriceUpdateDate>
      <ItemCode>7290002057123</ItemCode>
      <ItemType>1</ItemType>
      <ItemName>חרוזית ירוק יבנה 540 גרם</ItemName>
      <ManufacturerName>לא ידוע</ManufacturerName>
      <ManufactureCountry>לא ידוע</ManufactureCountry>
      <ManufacturerItemDescription>חרוזית ירוק יבנה 540</ManufacturerItemDescription>
      <UnitQty>גרמים</UnitQty>
      <Quantity>540.00</Quantity>
      <bIsWeighted>0</bIsWeighted>
      <UnitOfMeasure>100 גרם</UnitOfMeasure>
      <QtyInPackage>1</QtyInPackage>
      <ItemPrice>16.90</ItemPrice>
      <UnitOfMeasurePrice>3.13</UnitOfMeasurePrice>
      <AllowDiscount>1</AllowDiscount>
      <ItemStatus>1</ItemStatus>
    </Item>
    <Item>
      <PriceUpdateDate>2025-08-13 14:52</PriceUpdateDate>
      <ItemCode>7290002057185</ItemCode>
      <ItemType>1</ItemType>
      <ItemName>טבעות זיתים ירוק יבנה 540 גרם</ItemName>
      <ManufacturerName>לא ידוע</ManufacturerName>
      <ManufactureCountry>לא ידוע</ManufactureCountry>
      <ManufacturerItemDescription>טבעות זיתים ירוקים  </ManufacturerItemDescription>
      <UnitQty>גרמים</UnitQty>
      <Quantity>540.00</Quantity>
      <bIsWeighted>0</bIsWeighted>
      <UnitOfMeasure>100 גרם</UnitOfMeasure>
      <QtyInPackage>1</QtyInPackage>
      <ItemPrice>17.90</ItemPrice>
      <UnitOfMeasurePrice>3.31</UnitOfMeasurePrice>
      <AllowDiscount>1</AllowDiscount>
      <ItemStatus>1</ItemStatus>
    </Item>
    <Item>
      <PriceUpdateDate>2025-07-10 11:26</PriceUpdateDate>
      <ItemCode>7290002073567</ItemCode>
      <ItemType>1</ItemType>
      <ItemName>גאודה הולנדית 30% במשקל</ItemName>
      <ManufacturerName>לא ידוע</ManufacturerName>
      <ManufactureCountry>לא ידוע</ManufactureCountry>
      <ManufacturerItemDescription>גאודה הולנדית 30% פא</ManufacturerItemDescription>
      <UnitQty>Unknown</UnitQty>
      <Quantity>0.00</Quantity>
      <bIsWeighted>1</bIsWeighted>
      <UnitOfMeasure>ק"ג</UnitOfMeasure>
      <QtyInPackage>0</QtyInPackage>
      <ItemPrice>109.00</ItemPrice>
      <UnitOfMeasurePrice>109.00</UnitOfMeasurePrice>
      <AllowDiscount>1</AllowDiscount>
      <ItemStatus>1</ItemStatus>
    </Item>
    <Item>
      <PriceUpdateDate>2025-07-10 11:27</PriceUpdateDate>
      <ItemCode>7290002073628</ItemCode>
      <ItemType>1</ItemType>
      <ItemName>גאודה אגוזים הולנדי במשקל</ItemName>
      <ManufacturerName>לא ידוע</ManufacturerName>
      <ManufactureCountry>לא ידוע</ManufactureCountry>
      <ManufacturerItemDescription>גאודה אגוזים הולנדי </ManufacturerItemDescription>
      <UnitQty>Unknown</UnitQty>
      <Quantity>0.00</Quantity>
      <bIsWeighted>1</bIsWeighted>
      <UnitOfMeasure>ק"ג</UnitOfMeasure>
      <QtyInPackage>0</QtyInPackage>
      <ItemPrice>179.00</ItemPrice>
      <UnitOfMeasurePrice>179.00</UnitOfMeasurePrice>
      <AllowDiscount>1</AllowDiscount>
      <ItemStatus>1</ItemStatus>
    </Item>
    <Item>
      <PriceUpdateDate>2025-07-10 11:26</PriceUpdateDate>
      <ItemCode>7290002073635</ItemCode>
      <ItemType>1</ItemType>
      <ItemName>גאודה פסטו הולנדי במשקל</ItemName>
      <ManufacturerName>לא ידוע</ManufacturerName>
      <ManufactureCountry>לא ידוע</ManufactureCountry>
      <ManufacturerItemDescription>גאודה פסטו הולנדי במ</ManufacturerItemDescription>
      <UnitQty>Unknown</UnitQty>
      <Quantity>0.00</Quantity>
      <bIsWeighted>1</bIsWeighted>
      <UnitOfMeasure>ק"ג</UnitOfMeasure>
      <QtyInPackage>0</QtyInPackage>
      <ItemPrice>165.00</ItemPrice>
      <UnitOfMeasurePrice>165.00</UnitOfMeasurePrice>
      <AllowDiscount>1</AllowDiscount>
      <ItemStatus>1</ItemStatus>
    </Item>
    <Item>
      <PriceUpdateDate>2025-07-10 11:28</PriceUpdateDate>
      <ItemCode>7290002073680</ItemCode>
      <ItemType>1</ItemType>
      <ItemName>גבינה קברה ביין ספרדי עיזים במשקל</ItemName>
      <ManufacturerName>לא ידוע</ManufacturerName>
      <ManufactureCountry>לא ידוע</ManufactureCountry>
      <ManufacturerItemDescription>גבינה קברה ביין ספרד</ManufacturerItemDescription>
      <UnitQty>Unknown</UnitQty>
      <Quantity>0.00</Quantity>
      <bIsWeighted>1</bIsWeighted>
      <UnitOfMeasure>ק"ג</UnitOfMeasure>
      <QtyInPackage>0</QtyInPackage>
      <ItemPrice>255.00</ItemPrice>
      <UnitOfMeasurePrice>255.00</UnitOfMeasurePrice>
      <AllowDiscount>1</AllowDiscount>
      <ItemStatus>1</ItemStatus>
    </Item>
    <Item>
      <PriceUpdateDate>2025-05-23 08:10</PriceUpdateDate>
      <ItemCode>7290002107385</ItemCode>
      <ItemType>1</ItemType>
      <ItemName>עז מה גליל גבינת עיזים 23% 180 גרם</ItemName>
      <ManufacturerName>לא ידוע</ManufacturerName>
      <ManufactureCountry>ישראל</ManufactureCountry>
      <ManufacturerItemDescription>עז מה גליל גבינת עיז</ManufacturerItemDescription>
      <UnitQty>גרמים</UnitQty>
      <Quantity>180.00</Quantity>
      <bIsWeighted>0</bIsWeighted>
      <UnitOfMeasure>100 גרם</UnitOfMeasure>
      <QtyInPackage>1</QtyInPackage>
      <ItemPrice>32.90</ItemPrice>
      <UnitOfMeasurePrice>18.28</UnitOfMeasurePrice>
      <AllowDiscount>1</AllowDiscount>
      <ItemStatus>1</ItemStatus>
    </Item>
    <Item>
      <PriceUpdateDate>2025-08-10 16:49</PriceUpdateDate>
      <ItemCode>7290002107422</ItemCode>
      <ItemType>1</ItemType>
      <ItemName>בולגרית 5% משק צוריאל מעדניה</ItemName>
      <ManufacturerName>לא ידוע</ManufacturerName>
      <ManufactureCountry>IL</ManufactureCountry>
      <ManufacturerItemDescription>בולגרית 5% משק צוריא</ManufacturerItemDescription>
      <UnitQty>Unknown</UnitQty>
      <Quantity>0.00</Quantity>
      <bIsWeighted>1</bIsWeighted>
      <UnitOfMeasure>ק"ג</UnitOfMeasure>
      <QtyInPackage>0</QtyInPackage>
      <ItemPrice>69.00</ItemPrice>
      <UnitOfMeasurePrice>69.00</UnitOfMeasurePrice>
      <AllowDiscount>1</AllowDiscount>
      <ItemStatus>1</ItemStatus>
    </Item>
    <Item>
      <PriceUpdateDate>2025-05-23 08:10</PriceUpdateDate>
      <ItemCode>7290002107965</ItemCode>
      <ItemType>1</ItemType>
      <ItemName>צוריאל גבינה טבורוג 5% 500 גר</ItemName>
      <ManufacturerName>לא ידוע</ManufacturerName>
      <ManufactureCountry>לא ידוע</ManufactureCountry>
      <ManufacturerItemDescription>צוריאל גבינה טבורוג </ManufacturerItemDescription>
      <UnitQty>גרמים</UnitQty>
      <Quantity>500.00</Quantity>
      <bIsWeighted>0</bIsWeighted>
      <UnitOfMeasure>100 גרם</UnitOfMeasure>
      <QtyInPackage>1</QtyInPackage>
      <ItemPrice>31.90</ItemPrice>
      <UnitOfMeasurePrice>6.38</UnitOfMeasurePrice>
      <AllowDiscount>1</AllowDiscount>
      <ItemStatus>1</ItemStatus>
    </Item>
    <Item>
      <PriceUpdateDate>2025-03-11 15:18</PriceUpdateDate>
      <ItemCode>7290002130567</ItemCode>
      <ItemType>1</ItemType>
      <ItemName>דבש טהור יד מרדכי 350 גרם</ItemName>
      <ManufacturerName>לא ידוע</ManufacturerName>
      <ManufactureCountry>לא ידוע</ManufactureCountry>
      <ManufacturerItemDescription>דבש טהור יד מרדכי 35</ManufacturerItemDescription>
      <UnitQty>גרמים</UnitQty>
      <Quantity>350.00</Quantity>
      <bIsWeighted>0</bIsWeighted>
      <UnitOfMeasure>100 גרם</UnitOfMeasure>
      <QtyInPackage>1</QtyInPackage>
      <ItemPrice>24.90</ItemPrice>
      <UnitOfMeasurePrice>7.11</UnitOfMeasurePrice>
      <AllowDiscount>1</AllowDiscount>
      <ItemStatus>1</ItemStatus>
    </Item>
    <Item>
      <PriceUpdateDate>2023-01-02 12:21</PriceUpdateDate>
      <ItemCode>7290002130574</ItemCode>
      <ItemType>1</ItemType>
      <ItemName>דבש טהור 500 גר יד מרדכי זכוכית</ItemName>
      <ManufacturerName>לא ידוע</ManufacturerName>
      <ManufactureCountry>לא ידוע</ManufactureCountry>
      <ManufacturerItemDescription>דבש טהור יד מרדכי500</ManufacturerItemDescription>
      <UnitQty>גרמים</UnitQty>
      <Quantity>500.00</Quantity>
      <bIsWeighted>0</bIsWeighted>
      <UnitOfMeasure>100 גרם</UnitOfMeasure>
      <QtyInPackage>1</QtyInPackage>
      <ItemPrice>30.90</ItemPrice>
      <UnitOfMeasurePrice>6.18</UnitOfMeasurePrice>
      <AllowDiscount>1</AllowDiscount>
      <ItemStatus>1</ItemStatus>
    </Item>
    <Item>
      <PriceUpdateDate>2023-01-03 23:35</PriceUpdateDate>
      <ItemCode>7290002130581</ItemCode>
      <ItemType>1</ItemType>
      <ItemName>דבש טהור יד מרדכי 1 ק"ג</ItemName>
      <ManufacturerName>לא ידוע</ManufacturerName>
      <ManufactureCountry>ישראל</ManufactureCountry>
      <ManufacturerItemDescription>דבש טהור יד מרדכי 1 </ManufacturerItemDescription>
      <UnitQty>גרמים</UnitQty>
      <Quantity>1000.00</Quantity>
      <bIsWeighted>0</bIsWeighted>
      <UnitOfMeasure>100 גרם</UnitOfMeasure>
      <QtyInPackage>1</QtyInPackage>
      <ItemPrice>51.90</ItemPrice>
      <UnitOfMeasurePrice>5.19</UnitOfMeasurePrice>
      <AllowDiscount>1</AllowDiscount>
      <ItemStatus>1</ItemStatus>
    </Item>
    <Item>
      <PriceUpdateDate>2022-01-18 08:51</PriceUpdateDate>
      <ItemCode>7290002232995</ItemCode>
      <ItemType>1</ItemType>
      <ItemName>ציפוי פז דגש 500 גרם</ItemName>
      <ManufacturerName>לא ידוע</ManufacturerName>
      <ManufactureCountry>לא ידוע</ManufactureCountry>
      <ManufacturerItemDescription>ציפוי פז דגש 500 גרם</ManufacturerItemDescription>
      <UnitQty>גרמים</UnitQty>
      <Quantity>500.00</Quantity>
      <bIsWeighted>0</bIsWeighted>
      <UnitOfMeasure>100 גרם</UnitOfMeasure>
      <QtyInPackage>1</QtyInPackage>
      <ItemPrice>32.90</ItemPrice>
      <UnitOfMeasurePrice>6.58</UnitOfMeasurePrice>
      <AllowDiscount>1</AllowDiscount>
      <ItemStatus>1</ItemStatus>
    </Item>
    <Item>
      <PriceUpdateDate>2025-05-27 15:12</PriceUpdateDate>
      <ItemCode>7290002331025</ItemCode>
      <ItemType>1</ItemType>
      <ItemName>נביעות 500 מל פקק ספורט</ItemName>
      <ManufacturerName>לא ידוע</ManufacturerName>
      <ManufactureCountry>לא ידוע</ManufactureCountry>
      <ManufacturerItemDescription>נביעות 500 מ"ל      </ManufacturerItemDescription>
      <UnitQty>מיליליטרים</UnitQty>
      <Quantity>500.00</Quantity>
      <bIsWeighted>0</bIsWeighted>
      <UnitOfMeasure>100 מ"ל</UnitOfMeasure>
      <QtyInPackage>1</QtyInPackage>
      <ItemPrice>5.50</ItemPrice>
      <UnitOfMeasurePrice>1.10</UnitOfMeasurePrice>
      <AllowDiscount>1</AllowDiscount>
      <ItemStatus>1</ItemStatus>
    </Item>
    <Item>
      <PriceUpdateDate>2025-09-16 12:37</PriceUpdateDate>
      <ItemCode>7290002331360</ItemCode>
      <ItemType>1</ItemType>
      <ItemName>שישיית מים נביעות 500 מ"ל</ItemName>
      <ManufacturerName>לא ידוע</ManufacturerName>
      <ManufactureCountry>לא ידוע</ManufactureCountry>
      <ManufacturerItemDescription>מים נביעות 6*500 מ"ל</ManufacturerItemDescription>
      <UnitQty>מיליליטרים</UnitQty>
      <Quantity>3000.00</Quantity>
      <bIsWeighted>0</bIsWeighted>
      <UnitOfMeasure>100 מ"ל</UnitOfMeasure>
      <QtyInPackage>1</QtyInPackage>
      <ItemPrice>18.90</ItemPrice>
      <UnitOfMeasurePrice>0.63</UnitOfMeasurePrice>
      <AllowDiscount>1</AllowDiscount>
      <ItemStatus>1</ItemStatus>
    </Item>
    <Item>
      <PriceUpdateDate>2025-05-27 15:11</PriceUpdateDate>
      <ItemCode>7290002331490</ItemCode>
      <ItemType>1</ItemType>
      <ItemName>מים נביעות 1 ליטר</ItemName>
      <ManufacturerName>לא ידוע</ManufacturerName>
      <ManufactureCountry>לא ידוע</ManufactureCountry>
      <ManufacturerItemDescription>מים נביעות 1 ליטר   </ManufacturerItemDescription>
      <UnitQty>מיליליטרים</UnitQty>
      <Quantity>1000.00</Quantity>
      <bIsWeighted>0</bIsWeighted>
      <UnitOfMeasure>100 מ"ל</UnitOfMeasure>
      <QtyInPackage>1</QtyInPackage>
      <ItemPrice>3.50</ItemPrice>
      <UnitOfMeasurePrice>0.35</UnitOfMeasurePrice>
      <AllowDiscount>1</AllowDiscount>
      <ItemStatus>1</ItemStatus>
    </Item>
    <Item>
      <PriceUpdateDate>2024-05-08 09:07</PriceUpdateDate>
      <ItemCode>7290002348160</ItemCode>
      <ItemType>1</ItemType>
      <ItemName>תירס גמדי שלם</ItemName>
      <ManufacturerName>לא ידוע</ManufacturerName>
      <ManufactureCountry />
      <ManufacturerItemDescription>תירס גמדי שלם 400 גר</ManufacturerItemDescription>
      <UnitQty>גרמים</UnitQty>
      <Quantity>400.00</Quantity>
      <bIsWeighted>0</bIsWeighted>
      <UnitOfMeasure>100 גרם</UnitOfMeasure>
      <QtyInPackage>1</QtyInPackage>
      <ItemPrice>7.90</ItemPrice>
      <UnitOfMeasurePrice>1.98</UnitOfMeasurePrice>
      <AllowDiscount>1</AllowDiscount>
      <ItemStatus>1</ItemStatus>
    </Item>
    <Item>
      <PriceUpdateDate>2024-02-04 10:52</PriceUpdateDate>
      <ItemCode>7290002353836</ItemCode>
      <ItemType>1</ItemType>
      <ItemName>סרדינים רוברט בשמן זית 120 גר</ItemName>
      <ManufacturerName>לא ידוע</ManufacturerName>
      <ManufactureCountry>לא ידוע</ManufactureCountry>
      <ManufacturerItemDescription>סרדינים רוברט בשמן  </ManufacturerItemDescription>
      <UnitQty>גרמים</UnitQty>
      <Quantity>120.00</Quantity>
      <bIsWeighted>0</bIsWeighted>
      <UnitOfMeasure>100 גרם</UnitOfMeasure>
      <QtyInPackage>1</QtyInPackage>
      <ItemPrice>10.90</ItemPrice>
      <UnitOfMeasurePrice>9.08</UnitOfMeasurePrice>
      <AllowDiscount>1</AllowDiscount>
      <ItemStatus>1</ItemStatus>
    </Item>
    <Item>
      <PriceUpdateDate>2025-03-06 18:44</PriceUpdateDate>
      <ItemCode>7290002360155</ItemCode>
      <ItemType>1</ItemType>
      <ItemName>תה חליטת פומפדור שומר 20 שקיות</ItemName>
      <ManufacturerName>לא ידוע</ManufacturerName>
      <ManufactureCountry>לא ידוע</ManufactureCountry>
      <ManufacturerItemDescription>תה חליטת פומפדור שומ</ManufacturerItemDescription>
      <UnitQty>Unknown</UnitQty>
      <Quantity>0.00</Quantity>
      <bIsWeighted>0</bIsWeighted>
      <UnitOfMeasure>Unknown</UnitOfMeasure>
      <QtyInPackage>1</QtyInPackage>
      <ItemPrice>23.00</ItemPrice>
      <UnitOfMeasurePrice>23.00</UnitOfMeasurePrice>
      <AllowDiscount>1</AllowDiscount>
      <ItemStatus>1</ItemStatus>
    </Item>
    <Item>
      <PriceUpdateDate>2021-11-04 14:51</PriceUpdateDate>
      <ItemCode>7290002371526</ItemCode>
      <ItemType>1</ItemType>
      <ItemName>סלסולי פסטרמה שום וצילי 120 גר טירת צבי</ItemName>
      <ManufacturerName>לא ידוע</ManufacturerName>
      <ManufactureCountry>לא ידוע</ManufactureCountry>
      <ManufacturerItemDescription>סלסולי פסטרמה שום   </ManufacturerItemDescription>
      <UnitQty>גרמים</UnitQty>
      <Quantity>120.00</Quantity>
      <bIsWeighted>0</bIsWeighted>
      <UnitOfMeasure>100 גרם</UnitOfMeasure>
      <QtyInPackage>1</QtyInPackage>
      <ItemPrice>17.90</ItemPrice>
      <UnitOfMeasurePrice>14.92</UnitOfMeasurePrice>
      <AllowDiscount>1</AllowDiscount>
      <ItemStatus>1</ItemStatus>
    </Item>
    <Item>
      <PriceUpdateDate>2024-07-14 17:20</PriceUpdateDate>
      <ItemCode>7290002371533</ItemCode>
      <ItemType>1</ItemType>
      <ItemName>סלסולי פסטרמה ודבש 120 גר טירת צבי</ItemName>
      <ManufacturerName>לא ידוע</ManufacturerName>
      <ManufactureCountry>לא ידוע</ManufactureCountry>
      <ManufacturerItemDescription>סלסולי פסטרמה ודבש 1</ManufacturerItemDescription>
      <UnitQty>גרמים</UnitQty>
      <Quantity>120.00</Quantity>
      <bIsWeighted>0</bIsWeighted>
      <UnitOfMeasure>100 גרם</UnitOfMeasure>
      <QtyInPackage>1</QtyInPackage>
      <ItemPrice>18.90</ItemPrice>
      <UnitOfMeasurePrice>15.75</UnitOfMeasurePrice>
      <AllowDiscount>1</AllowDiscount>
      <ItemStatus>1</ItemStatus>
    </Item>
    <Item>
      <PriceUpdateDate>2025-01-23 07:43</PriceUpdateDate>
      <ItemCode>7290002371540</ItemCode>
      <ItemType>1</ItemType>
      <ItemName>קורנביף 120 גר טירת מבי</ItemName>
      <ManufacturerName>לא ידוע</ManufacturerName>
      <ManufactureCountry>לא ידוע</ManufactureCountry>
      <ManufacturerItemDescription>קורנביף 120 גר      </ManufacturerItemDescription>
      <UnitQty>גרמים</UnitQty>
      <Quantity>120.00</Quantity>
      <bIsWeighted>0</bIsWeighted>
      <UnitOfMeasure>100 גרם</UnitOfMeasure>
      <QtyInPackage>1</QtyInPackage>
      <ItemPrice>21.90</ItemPrice>
      <UnitOfMeasurePrice>18.25</UnitOfMeasurePrice>
      <AllowDiscount>1</AllowDiscount>
      <ItemStatus>1</ItemStatus>
    </Item>
    <Item>
      <PriceUpdateDate>2025-09-16 12:36</PriceUpdateDate>
      <ItemCode>7290002374268</ItemCode>
      <ItemType>1</ItemType>
      <ItemName>שמן חמניות 1 ליטר</ItemName>
      <ManufacturerName>לא ידוע</ManufacturerName>
      <ManufactureCountry>לא ידוע</ManufactureCountry>
      <ManufacturerItemDescription>שמן חמניות 1 ליטר   </ManufacturerItemDescription>
      <UnitQty>מיליליטרים</UnitQty>
      <Quantity>1000.00</Quantity>
      <bIsWeighted>0</bIsWeighted>
      <UnitOfMeasure>100 מ"ל</UnitOfMeasure>
      <QtyInPackage>1</QtyInPackage>
      <ItemPrice>11.90</ItemPrice>
      <UnitOfMeasurePrice>1.19</UnitOfMeasurePrice>
      <AllowDiscount>1</AllowDiscount>
      <ItemStatus>1</ItemStatus>
    </Item>
    <Item>
      <PriceUpdateDate>2025-09-16 12:37</PriceUpdateDate>
      <ItemCode>7290002374312</ItemCode>
      <ItemType>1</ItemType>
      <ItemName>שמן קנולה 1 ליטר</ItemName>
      <ManufacturerName>לא ידוע</ManufacturerName>
      <ManufactureCountry>לא ידוע</ManufactureCountry>
      <ManufacturerItemDescription>שמן קנולה 1 ליטר    </ManufacturerItemDescription>
      <UnitQty>מיליליטרים</UnitQty>
      <Quantity>1000.00</Quantity>
      <bIsWeighted>0</bIsWeighted>
      <UnitOfMeasure>100 מ"ל</UnitOfMeasure>
      <QtyInPackage>1</QtyInPackage>
      <ItemPrice>11.90</ItemPrice>
      <UnitOfMeasurePrice>1.19</UnitOfMeasurePrice>
      <AllowDiscount>1</AllowDiscount>
      <ItemStatus>1</ItemStatus>
    </Item>
    <Item>
      <PriceUpdateDate>2025-01-23 07:43</PriceUpdateDate>
      <ItemCode>7290002374640</ItemCode>
      <ItemType>1</ItemType>
      <ItemName>שמן קנולה פלוס אומגה 3 1 ליטר עץ הזית</ItemName>
      <ManufacturerName>לא ידוע</ManufacturerName>
      <ManufactureCountry>לא ידוע</ManufactureCountry>
      <ManufacturerItemDescription>שמן קנולה פלוס אומגה</ManufacturerItemDescription>
      <UnitQty>מיליליטרים</UnitQty>
      <Quantity>1000.00</Quantity>
      <bIsWeighted>0</bIsWeighted>
      <UnitOfMeasure>100 מ"ל</UnitOfMeasure>
      <QtyInPackage>1</QtyInPackage>
      <ItemPrice>18.90</ItemPrice>
      <UnitOfMeasurePrice>1.89</UnitOfMeasurePrice>
      <AllowDiscount>1</AllowDiscount>
      <ItemStatus>1</ItemStatus>
    </Item>
    <Item>
      <PriceUpdateDate>2025-12-02 11:25</PriceUpdateDate>
      <ItemCode>7290002400653</ItemCode>
      <ItemType>1</ItemType>
      <ItemName>סטייק ניו יורק עגלה טרי פריים</ItemName>
      <ManufacturerName>לא ידוע</ManufacturerName>
      <ManufactureCountry>IL</ManufactureCountry>
      <ManufacturerItemDescription>סטייק ניו יורק עגלה </ManufacturerItemDescription>
      <UnitQty>Unknown</UnitQty>
      <Quantity>0.00</Quantity>
      <bIsWeighted>1</bIsWeighted>
      <UnitOfMeasure>ק"ג</UnitOfMeasure>
      <QtyInPackage>0</QtyInPackage>
      <ItemPrice>159.90</ItemPrice>
      <UnitOfMeasurePrice>159.90</UnitOfMeasurePrice>
      <AllowDiscount>1</AllowDiscount>
      <ItemStatus>1</ItemStatus>
    </Item>
    <Item>
      <PriceUpdateDate>2025-05-22 13:07</PriceUpdateDate>
      <ItemCode>7290002400981</ItemCode>
      <ItemType>1</ItemType>
      <ItemName>פרוסות פיקנייה סקין פריים</ItemName>
      <ManufacturerName>לא ידוע</ManufacturerName>
      <ManufactureCountry>לא ידוע</ManufactureCountry>
      <ManufacturerItemDescription>פרוסות פיקנייה סקין </ManufacturerItemDescription>
      <UnitQty>Unknown</UnitQty>
      <Quantity>0.00</Quantity>
      <bIsWeighted>1</bIsWeighted>
      <UnitOfMeasure>ק"ג</UnitOfMeasure>
      <QtyInPackage>0</QtyInPackage>
      <ItemPrice>129.90</ItemPrice>
      <UnitOfMeasurePrice>129.90</UnitOfMeasurePrice>
      <AllowDiscount>1</AllowDiscount>
      <ItemStatus>1</ItemStatus>
    </Item>
    <Item>
      <PriceUpdateDate>2024-12-02 15:26</PriceUpdateDate>
      <ItemCode>7290002421399</ItemCode>
      <ItemType>1</ItemType>
      <ItemName>גבינת גאודה צילי 200 גרם</ItemName>
      <ManufacturerName>לא ידוע</ManufacturerName>
      <ManufactureCountry>לא ידוע</ManufactureCountry>
      <ManufacturerItemDescription>גבינת גאודה צילי 200</ManufacturerItemDescription>
      <UnitQty>גרמים</UnitQty>
      <Quantity>200.00</Quantity>
      <bIsWeighted>0</bIsWeighted>
      <UnitOfMeasure>100 גרם</UnitOfMeasure>
      <QtyInPackage>1</QtyInPackage>
      <ItemPrice>29.90</ItemPrice>
      <UnitOfMeasurePrice>14.95</UnitOfMeasurePrice>
      <AllowDiscount>1</AllowDiscount>
      <ItemStatus>1</ItemStatus>
    </Item>
    <Item>
      <PriceUpdateDate>2024-07-04 09:17</PriceUpdateDate>
      <ItemCode>7290002477556</ItemCode>
      <ItemType>1</ItemType>
      <ItemName>כבד עוף טרי</ItemName>
      <ManufacturerName>לא ידוע</ManufacturerName>
      <ManufactureCountry>לא ידוע</ManufactureCountry>
      <ManufacturerItemDescription>כבד עוף טרי         </ManufacturerItemDescription>
      <UnitQty>Unknown</UnitQty>
      <Quantity>0.00</Quantity>
      <bIsWeighted>1</bIsWeighted>
      <UnitOfMeasure>ק"ג</UnitOfMeasure>
      <QtyInPackage>0</QtyInPackage>
      <ItemPrice>23.90</ItemPrice>
      <UnitOfMeasurePrice>23.90</UnitOfMeasurePrice>
      <AllowDiscount>1</AllowDiscount>
      <ItemStatus>1</ItemStatus>
    </Item>
    <Item>
      <PriceUpdateDate>2025-03-11 08:29</PriceUpdateDate>
      <ItemCode>7290002485049</ItemCode>
      <ItemType>1</ItemType>
      <ItemName>חומוס מסבחה 500גר</ItemName>
      <ManufacturerName>לא ידוע</ManufacturerName>
      <ManufactureCountry>לא ידוע</ManufactureCountry>
      <ManufacturerItemDescription>חומוס מסבחה 500גר   </ManufacturerItemDescription>
      <UnitQty>גרמים</UnitQty>
      <Quantity>500.00</Quantity>
      <bIsWeighted>0</bIsWeighted>
      <UnitOfMeasure>100 גרם</UnitOfMeasure>
      <QtyInPackage>1</QtyInPackage>
      <ItemPrice>20.90</ItemPrice>
      <UnitOfMeasurePrice>4.18</UnitOfMeasurePrice>
      <AllowDiscount>1</AllowDiscount>
      <ItemStatus>1</ItemStatus>
    </Item>
    <Item>
      <PriceUpdateDate>2025-03-11 08:29</PriceUpdateDate>
      <ItemCode>7290002485063</ItemCode>
      <ItemType>1</ItemType>
      <ItemName>חומוס אבו גוש 500גר</ItemName>
      <ManufacturerName>לא ידוע</ManufacturerName>
      <ManufactureCountry>לא ידוע</ManufactureCountry>
      <ManufacturerItemDescription>חומוס אבו גוש 500גר </ManufacturerItemDescription>
      <UnitQty>גרמים</UnitQty>
      <Quantity>500.00</Quantity>
      <bIsWeighted>0</bIsWeighted>
      <UnitOfMeasure>100 גרם</UnitOfMeasure>
      <QtyInPackage>1</QtyInPackage>
      <ItemPrice>20.90</ItemPrice>
      <UnitOfMeasurePrice>4.18</UnitOfMeasurePrice>
      <AllowDiscount>1</AllowDiscount>
      <ItemStatus>1</ItemStatus>
    </Item>
    <Item>
      <PriceUpdateDate>2025-02-05 18:21</PriceUpdateDate>
      <ItemCode>7290002507383</ItemCode>
      <ItemType>1</ItemType>
      <ItemName>בולגרית בכר 5% במשקל</ItemName>
      <ManufacturerName>לא ידוע</ManufacturerName>
      <ManufactureCountry>ישראל</ManufactureCountry>
      <ManufacturerItemDescription>בולגרית בכר 5% במשקל</ManufacturerItemDescription>
      <UnitQty>Unknown</UnitQty>
      <Quantity>0.00</Quantity>
      <bIsWeighted>1</bIsWeighted>
      <UnitOfMeasure>ק"ג</UnitOfMeasure>
      <QtyInPackage>0</QtyInPackage>
      <ItemPrice>79.00</ItemPrice>
      <UnitOfMeasurePrice>79.00</UnitOfMeasurePrice>
      <AllowDiscount>1</AllowDiscount>
      <ItemStatus>1</ItemStatus>
    </Item>
    <Item>
      <PriceUpdateDate>2025-02-05 18:21</PriceUpdateDate>
      <ItemCode>7290002507390</ItemCode>
      <ItemType>1</ItemType>
      <ItemName>בולגרית בכר 16% במשקל</ItemName>
      <ManufacturerName>לא ידוע</ManufacturerName>
      <ManufactureCountry>ישראל</ManufactureCountry>
      <ManufacturerItemDescription>בולגרית בכר 16% במשק</ManufacturerItemDescription>
      <UnitQty>Unknown</UnitQty>
      <Quantity>0.00</Quantity>
      <bIsWeighted>1</bIsWeighted>
      <UnitOfMeasure>ק"ג</UnitOfMeasure>
      <QtyInPackage>0</QtyInPackage>
      <ItemPrice>79.00</ItemPrice>
      <UnitOfMeasurePrice>79.00</UnitOfMeasurePrice>
      <AllowDiscount>1</AllowDiscount>
      <ItemStatus>1</ItemStatus>
    </Item>
    <Item>
      <PriceUpdateDate>2024-01-01 09:33</PriceUpdateDate>
      <ItemCode>7290002551003</ItemCode>
      <ItemType>1</ItemType>
      <ItemName>טונה סטארקיסט בשמן 160 גרם</ItemName>
      <ManufacturerName>לא ידוע</ManufacturerName>
      <ManufactureCountry>לא ידוע</ManufactureCountry>
      <ManufacturerItemDescription>טונה סטארקיסט בשמן  </ManufacturerItemDescription>
      <UnitQty>גרמים</UnitQty>
      <Quantity>160.00</Quantity>
      <bIsWeighted>0</bIsWeighted>
      <UnitOfMeasure>100 גרם</UnitOfMeasure>
      <QtyInPackage>1</QtyInPackage>
      <ItemPrice>8.50</ItemPrice>
      <UnitOfMeasurePrice>5.31</UnitOfMeasurePrice>
      <AllowDiscount>1</AllowDiscount>
      <ItemStatus>1</ItemStatus>
    </Item>
    <Item>
      <PriceUpdateDate>2024-01-01 09:33</PriceUpdateDate>
      <ItemCode>7290002551010</ItemCode>
      <ItemType>1</ItemType>
      <ItemName>טונה סטארקיסט במים 160 גרם</ItemName>
      <ManufacturerName>לא ידוע</ManufacturerName>
      <ManufactureCountry>לא ידוע</ManufactureCountry>
      <ManufacturerItemDescription>טונה סטארקיסט במים  </ManufacturerItemDescription>
      <UnitQty>גרמים</UnitQty>
      <Quantity>160.00</Quantity>
      <bIsWeighted>0</bIsWeighted>
      <UnitOfMeasure>100 גרם</UnitOfMeasure>
      <QtyInPackage>1</QtyInPackage>
      <ItemPrice>8.50</ItemPrice>
      <UnitOfMeasurePrice>5.31</UnitOfMeasurePrice>
      <AllowDiscount>1</AllowDiscount>
      <ItemStatus>1</ItemStatus>
    </Item>
    <Item>
      <PriceUpdateDate>2025-03-25 07:06</PriceUpdateDate>
      <ItemCode>7290002564928</ItemCode>
      <ItemType>1</ItemType>
      <ItemName>נטיפי ציפס בטעם שוקולד אופנהיימר 250 גר</ItemName>
      <ManufacturerName>לא ידוע</ManufacturerName>
      <ManufactureCountry>ישראל</ManufactureCountry>
      <ManufacturerItemDescription>נטיפי ציפס בטעם שוקו</ManufacturerItemDescription>
      <UnitQty>גרמים</UnitQty>
      <Quantity>250.00</Quantity>
      <bIsWeighted>0</bIsWeighted>
      <UnitOfMeasure>100 גרם</UnitOfMeasure>
      <QtyInPackage>1</QtyInPackage>
      <ItemPrice>18.50</ItemPrice>
      <UnitOfMeasurePrice>7.40</UnitOfMeasurePrice>
      <AllowDiscount>1</AllowDiscount>
      <ItemStatus>1</ItemStatus>
    </Item>
    <Item>
      <PriceUpdateDate>2025-03-25 07:01</PriceUpdateDate>
      <ItemCode>7290002587200</ItemCode>
      <ItemType>1</ItemType>
      <ItemName>חטיפי כרובית 450 גרם ויליגר</ItemName>
      <ManufacturerName>לא ידוע</ManufacturerName>
      <ManufactureCountry>ישראל</ManufactureCountry>
      <ManufacturerItemDescription>חטיפי כרובית 450 גרם</ManufacturerItemDescription>
      <UnitQty>גרמים</UnitQty>
      <Quantity>450.00</Quantity>
      <bIsWeighted>0</bIsWeighted>
      <UnitOfMeasure>100 גרם</UnitOfMeasure>
      <QtyInPackage>1</QtyInPackage>
      <ItemPrice>34.90</ItemPrice>
      <UnitOfMeasurePrice>7.76</UnitOfMeasurePrice>
      <AllowDiscount>1</AllowDiscount>
      <ItemStatus>1</ItemStatus>
    </Item>
    <Item>
      <PriceUpdateDate>2025-03-20 12:21</PriceUpdateDate>
      <ItemCode>7290002603016</ItemCode>
      <ItemType>1</ItemType>
      <ItemName>מארז טונה ויל140*4במים</ItemName>
      <ManufacturerName>לא ידוע</ManufacturerName>
      <ManufactureCountry />
      <ManufacturerItemDescription>מארז טונה ויל140*4במ</ManufacturerItemDescription>
      <UnitQty>גרמים</UnitQty>
      <Quantity>560.00</Quantity>
      <bIsWeighted>0</bIsWeighted>
      <UnitOfMeasure>100 גרם</UnitOfMeasure>
      <QtyInPackage>1</QtyInPackage>
      <ItemPrice>26.90</ItemPrice>
      <UnitOfMeasurePrice>4.80</UnitOfMeasurePrice>
      <AllowDiscount>1</AllowDiscount>
      <ItemStatus>1</ItemStatus>
    </Item>
    <Item>
      <PriceUpdateDate>2024-11-18 15:58</PriceUpdateDate>
      <ItemCode>7290002616474</ItemCode>
      <ItemType>1</ItemType>
      <ItemName>סלמון טראוט מעושן</ItemName>
      <ManufacturerName>לא ידוע</ManufacturerName>
      <ManufactureCountry>לא ידוע</ManufactureCountry>
      <ManufacturerItemDescription>פילה סלמון טראוט    </ManufacturerItemDescription>
      <UnitQty>Unknown</UnitQty>
      <Quantity>0.00</Quantity>
      <bIsWeighted>1</bIsWeighted>
      <UnitOfMeasure>ק"ג</UnitOfMeasure>
      <QtyInPackage>0</QtyInPackage>
      <ItemPrice>231.00</ItemPrice>
      <UnitOfMeasurePrice>231.00</UnitOfMeasurePrice>
      <AllowDiscount>1</AllowDiscount>
      <ItemStatus>1</ItemStatus>
    </Item>
    <Item>
      <PriceUpdateDate>2025-07-10 11:27</PriceUpdateDate>
      <ItemCode>7290002617013</ItemCode>
      <ItemType>1</ItemType>
      <ItemName>מונטניולו גרמני במשקל</ItemName>
      <ManufacturerName>לא ידוע</ManufacturerName>
      <ManufactureCountry>לא ידוע</ManufactureCountry>
      <ManufacturerItemDescription>מונטניולו גרמני במשק</ManufacturerItemDescription>
      <UnitQty>Unknown</UnitQty>
      <Quantity>0.00</Quantity>
      <bIsWeighted>1</bIsWeighted>
      <UnitOfMeasure>ק"ג</UnitOfMeasure>
      <QtyInPackage>0</QtyInPackage>
      <ItemPrice>209.00</ItemPrice>
      <UnitOfMeasurePrice>209.00</UnitOfMeasurePrice>
      <AllowDiscount>1</AllowDiscount>
      <ItemStatus>1</ItemStatus>
    </Item>
    <Item>
      <PriceUpdateDate>2025-07-14 11:21</PriceUpdateDate>
      <ItemCode>7290002617709</ItemCode>
      <ItemType>1</ItemType>
      <ItemName>שרימפס מקולף גמבו 1 ק"ג קפוא 16/20</ItemName>
      <ManufacturerName>לא ידוע</ManufacturerName>
      <ManufactureCountry>לא ידוע</ManufactureCountry>
      <ManufacturerItemDescription>שרימפס מקולף גמבו 1 </ManufacturerItemDescription>
      <UnitQty>קילוגרמים</UnitQty>
      <Quantity>0.00</Quantity>
      <bIsWeighted>0</bIsWeighted>
      <UnitOfMeasure>ק"ג</UnitOfMeasure>
      <QtyInPackage>1</QtyInPackage>
      <ItemPrice>119.90</ItemPrice>
      <UnitOfMeasurePrice>119.90</UnitOfMeasurePrice>
      <AllowDiscount>1</AllowDiscount>
      <ItemStatus>1</ItemStatus>
    </Item>
    <Item>
      <PriceUpdateDate>2025-07-14 11:21</PriceUpdateDate>
      <ItemCode>7290002617723</ItemCode>
      <ItemType>1</ItemType>
      <ItemName>שרימפס מקולף 1 ק"ג גדול קפוא 26/30</ItemName>
      <ManufacturerName>לא ידוע</ManufacturerName>
      <ManufactureCountry>לא ידוע</ManufactureCountry>
      <ManufacturerItemDescription>שרימפס מקולף גדול   </ManufacturerItemDescription>
      <UnitQty>קילוגרמים</UnitQty>
      <Quantity>0.00</Quantity>
      <bIsWeighted>0</bIsWeighted>
      <UnitOfMeasure>ק"ג</UnitOfMeasure>
      <QtyInPackage>1</QtyInPackage>
      <ItemPrice>109.90</ItemPrice>
      <UnitOfMeasurePrice>109.90</UnitOfMeasurePrice>
      <AllowDiscount>1</AllowDiscount>
      <ItemStatus>1</ItemStatus>
    </Item>
    <Item>
      <PriceUpdateDate>2024-02-04 10:54</PriceUpdateDate>
      <ItemCode>7290002692393</ItemCode>
      <ItemType>1</ItemType>
      <ItemName>שמן קנולה עץ הזית 1 ל מועשר</ItemName>
      <ManufacturerName>לא ידוע</ManufacturerName>
      <ManufactureCountry>לא ידוע</ManufactureCountry>
      <ManufacturerItemDescription>שמן קנולה עץ הזית 1 </ManufacturerItemDescription>
      <UnitQty>מיליליטרים</UnitQty>
      <Quantity>1000.00</Quantity>
      <bIsWeighted>0</bIsWeighted>
      <UnitOfMeasure>100 מ"ל</UnitOfMeasure>
      <QtyInPackage>1</QtyInPackage>
      <ItemPrice>17.90</ItemPrice>
      <UnitOfMeasurePrice>1.79</UnitOfMeasurePrice>
      <AllowDiscount>1</AllowDiscount>
      <ItemStatus>1</ItemStatus>
    </Item>
    <Item>
      <PriceUpdateDate>2024-02-04 10:56</PriceUpdateDate>
      <ItemCode>7290002692768</ItemCode>
      <ItemType>1</ItemType>
      <ItemName>תרסיס שמן קנולה מזוכך עץ הזית 200 מ"ל</ItemName>
      <ManufacturerName>לא ידוע</ManufacturerName>
      <ManufactureCountry>ישראל</ManufactureCountry>
      <ManufacturerItemDescription>תרסיס שמן קנולה מזוכ</ManufacturerItemDescription>
      <UnitQty>מיליליטרים</UnitQty>
      <Quantity>200.00</Quantity>
      <bIsWeighted>0</bIsWeighted>
      <UnitOfMeasure>100 מ"ל</UnitOfMeasure>
      <QtyInPackage>1</QtyInPackage>
      <ItemPrice>19.90</ItemPrice>
      <UnitOfMeasurePrice>9.95</UnitOfMeasurePrice>
      <AllowDiscount>1</AllowDiscount>
      <ItemStatus>1</ItemStatus>
    </Item>
    <Item>
      <PriceUpdateDate>2024-02-04 10:50</PriceUpdateDate>
      <ItemCode>7290002692782</ItemCode>
      <ItemType>1</ItemType>
      <ItemName>תרסיס שמן זית כתית מעולה עץ הזית 150 מ"ל</ItemName>
      <ManufacturerName>לא ידוע</ManufacturerName>
      <ManufactureCountry>ישראל</ManufactureCountry>
      <ManufacturerItemDescription>תרסיס שמן זית כתית מ</ManufacturerItemDescription>
      <UnitQty>מיליליטרים</UnitQty>
      <Quantity>150.00</Quantity>
      <bIsWeighted>0</bIsWeighted>
      <UnitOfMeasure>100 מ"ל</UnitOfMeasure>
      <QtyInPackage>1</QtyInPackage>
      <ItemPrice>23.90</ItemPrice>
      <UnitOfMeasurePrice>15.93</UnitOfMeasurePrice>
      <AllowDiscount>1</AllowDiscount>
      <ItemStatus>1</ItemStatus>
    </Item>
    <Item>
      <PriceUpdateDate>2025-03-06 18:44</PriceUpdateDate>
      <ItemCode>7290002730521</ItemCode>
      <ItemType>1</ItemType>
      <ItemName>צמרונים קופסא מרובעת</ItemName>
      <ManufacturerName>לא ידוע</ManufacturerName>
      <ManufactureCountry>לא ידוע</ManufactureCountry>
      <ManufacturerItemDescription>צמרונים בלונס קופסא </ManufacturerItemDescription>
      <UnitQty>Unknown</UnitQty>
      <Quantity>0.00</Quantity>
      <bIsWeighted>0</bIsWeighted>
      <UnitOfMeasure>Unknown</UnitOfMeasure>
      <QtyInPackage>1</QtyInPackage>
      <ItemPrice>9.50</ItemPrice>
      <UnitOfMeasurePrice>9.50</UnitOfMeasurePrice>
      <AllowDiscount>1</AllowDiscount>
      <ItemStatus>1</ItemStatus>
    </Item>
    <Item>
      <PriceUpdateDate>2024-03-05 10:19</PriceUpdateDate>
      <ItemCode>7290002730811</ItemCode>
      <ItemType>1</ItemType>
      <ItemName>משחת שיניים קולגייט משפחתי גל</ItemName>
      <ManufacturerName>לא ידוע</ManufacturerName>
      <ManufactureCountry>לא ידוע</ManufactureCountry>
      <ManufacturerItemDescription>משחת שיניים קולגייט </ManufacturerItemDescription>
      <UnitQty>גרמים</UnitQty>
      <Quantity>150.00</Quantity>
      <bIsWeighted>0</bIsWeighted>
      <UnitOfMeasure>100 גרם</UnitOfMeasure>
      <QtyInPackage>1</QtyInPackage>
      <ItemPrice>15.90</ItemPrice>
      <UnitOfMeasurePrice>10.60</UnitOfMeasurePrice>
      <AllowDiscount>1</AllowDiscount>
      <ItemStatus>1</ItemStatus>
    </Item>
    <Item>
      <PriceUpdateDate>2023-05-22 18:47</PriceUpdateDate>
      <ItemCode>7290002752332</ItemCode>
      <ItemType>1</ItemType>
      <ItemName>מנטוס פירות</ItemName>
      <ManufacturerName>לא ידוע</ManufacturerName>
      <ManufactureCountry>לא ידוע</ManufactureCountry>
      <ManufacturerItemDescription>מנטוס פירות         </ManufacturerItemDescription>
      <UnitQty>גרמים</UnitQty>
      <Quantity>37.00</Quantity>
      <bIsWeighted>0</bIsWeighted>
      <UnitOfMeasure>100 גרם</UnitOfMeasure>
      <QtyInPackage>1</QtyInPackage>
      <ItemPrice>3.90</ItemPrice>
      <UnitOfMeasurePrice>10.54</UnitOfMeasurePrice>
      <AllowDiscount>1</AllowDiscount>
      <ItemStatus>1</ItemStatus>
    </Item>
    <Item>
      <PriceUpdateDate>2023-05-22 18:48</PriceUpdateDate>
      <ItemCode>7290002752349</ItemCode>
      <ItemType>1</ItemType>
      <ItemName>מנטוס מנטה גליל</ItemName>
      <ManufacturerName>לא ידוע</ManufacturerName>
      <ManufactureCountry>הולנד</ManufactureCountry>
      <ManufacturerItemDescription>מנטוס מנטה גליל 37 ג</ManufacturerItemDescription>
      <UnitQty>גרמים</UnitQty>
      <Quantity>37.00</Quantity>
      <bIsWeighted>0</bIsWeighted>
      <UnitOfMeasure>100 גרם</UnitOfMeasure>
      <QtyInPackage>1</QtyInPackage>
      <ItemPrice>3.90</ItemPrice>
      <UnitOfMeasurePrice>10.54</UnitOfMeasurePrice>
      <AllowDiscount>1</AllowDiscount>
      <ItemStatus>1</ItemStatus>
    </Item>
    <Item>
      <PriceUpdateDate>2025-03-11 15:22</PriceUpdateDate>
      <ItemCode>7290002753995</ItemCode>
      <ItemType>1</ItemType>
      <ItemName>קישוטי עוגה 150 גרם</ItemName>
      <ManufacturerName>לא ידוע</ManufacturerName>
      <ManufactureCountry>לא ידוע</ManufactureCountry>
      <ManufacturerItemDescription>קישוטי עוגה 150 גרם </ManufacturerItemDescription>
      <UnitQty>גרמים</UnitQty>
      <Quantity>150.00</Quantity>
      <bIsWeighted>0</bIsWeighted>
      <UnitOfMeasure>100 גרם</UnitOfMeasure>
      <QtyInPackage>1</QtyInPackage>
      <ItemPrice>29.90</ItemPrice>
      <UnitOfMeasurePrice>19.93</UnitOfMeasurePrice>
      <AllowDiscount>1</AllowDiscount>
      <ItemStatus>1</ItemStatus>
    </Item>
    <Item>
      <PriceUpdateDate>2025-03-11 08:20</PriceUpdateDate>
      <ItemCode>7290002757139</ItemCode>
      <ItemType>1</ItemType>
      <ItemName>מלאווח 700 גרם</ItemName>
      <ManufacturerName>לא ידוע</ManufacturerName>
      <ManufactureCountry>IL</ManufactureCountry>
      <ManufacturerItemDescription>מלאווח 700 גרם      </ManufacturerItemDescription>
      <UnitQty>גרמים</UnitQty>
      <Quantity>700.00</Quantity>
      <bIsWeighted>0</bIsWeighted>
      <UnitOfMeasure>100 גרם</UnitOfMeasure>
      <QtyInPackage>1</QtyInPackage>
      <ItemPrice>20.90</ItemPrice>
      <UnitOfMeasurePrice>2.99</UnitOfMeasurePrice>
      <AllowDiscount>1</AllowDiscount>
      <ItemStatus>1</ItemStatus>
    </Item>
    <Item>
      <PriceUpdateDate>2025-02-23 15:42</PriceUpdateDate>
      <ItemCode>7290002771357</ItemCode>
      <ItemType>1</ItemType>
      <ItemName>קפה קלוי וטחון עם הל 200 גרם</ItemName>
      <ManufacturerName>לא ידוע</ManufacturerName>
      <ManufactureCountry>ישראל</ManufactureCountry>
      <ManufacturerItemDescription>קפה קלוי וטחון עם הל</ManufacturerItemDescription>
      <UnitQty>גרמים</UnitQty>
      <Quantity>200.00</Quantity>
      <bIsWeighted>0</bIsWeighted>
      <UnitOfMeasure>100 גרם</UnitOfMeasure>
      <QtyInPackage>1</QtyInPackage>
      <ItemPrice>19.90</ItemPrice>
      <UnitOfMeasurePrice>9.95</UnitOfMeasurePrice>
      <AllowDiscount>1</AllowDiscount>
      <ItemStatus>1</ItemStatus>
    </Item>
    <Item>
      <PriceUpdateDate>2025-02-23 15:42</PriceUpdateDate>
      <ItemCode>7290002771371</ItemCode>
      <ItemType>1</ItemType>
      <ItemName>קפה קלוי וטחון עם הל 400 גרם</ItemName>
      <ManufacturerName>לא ידוע</ManufacturerName>
      <ManufactureCountry>ישראל</ManufactureCountry>
      <ManufacturerItemDescription>קפה קלוי וטחון עם הל</ManufacturerItemDescription>
      <UnitQty>גרמים</UnitQty>
      <Quantity>400.00</Quantity>
      <bIsWeighted>0</bIsWeighted>
      <UnitOfMeasure>100 גרם</UnitOfMeasure>
      <QtyInPackage>1</QtyInPackage>
      <ItemPrice>38.90</ItemPrice>
      <UnitOfMeasurePrice>9.73</UnitOfMeasurePrice>
      <AllowDiscount>1</AllowDiscount>
      <ItemStatus>1</ItemStatus>
    </Item>
    <Item>
      <PriceUpdateDate>2025-06-06 05:56</PriceUpdateDate>
      <ItemCode>7290002824183</ItemCode>
      <ItemType>1</ItemType>
      <ItemName>סקי משפחתי 5% 500 גרם</ItemName>
      <ManufacturerName>לא ידוע</ManufacturerName>
      <ManufactureCountry>לא ידוע</ManufactureCountry>
      <ManufacturerItemDescription>סקי משפחתי 5% 500 גר</ManufacturerItemDescription>
      <UnitQty>גרמים</UnitQty>
      <Quantity>500.00</Quantity>
      <bIsWeighted>0</bIsWeighted>
      <UnitOfMeasure>100 גרם</UnitOfMeasure>
      <QtyInPackage>1</QtyInPackage>
      <ItemPrice>11.60</ItemPrice>
      <UnitOfMeasurePrice>2.32</UnitOfMeasurePrice>
      <AllowDiscount>1</AllowDiscount>
      <ItemStatus>1</ItemStatus>
    </Item>
    <Item>
      <PriceUpdateDate>2025-09-16 12:36</PriceUpdateDate>
      <ItemCode>7290002824466</ItemCode>
      <ItemType>1</ItemType>
      <ItemName>יוגורט דנונה ביו 0% 200 גרם</ItemName>
      <ManufacturerName>לא ידוע</ManufacturerName>
      <ManufactureCountry>לא ידוע</ManufactureCountry>
      <ManufacturerItemDescription>יוגורט דנונה ביו 0% </ManufacturerItemDescription>
      <UnitQty>מיליליטרים</UnitQty>
      <Quantity>200.00</Quantity>
      <bIsWeighted>0</bIsWeighted>
      <UnitOfMeasure>100 מ"ל</UnitOfMeasure>
      <QtyInPackage>1</QtyInPackage>
      <ItemPrice>5.00</ItemPrice>
      <UnitOfMeasurePrice>2.50</UnitOfMeasurePrice>
      <AllowDiscount>1</AllowDiscount>
      <ItemStatus>1</ItemStatus>
    </Item>
    <Item>
      <PriceUpdateDate>2025-06-06 05:55</PriceUpdateDate>
      <ItemCode>7290002824640</ItemCode>
      <ItemType>1</ItemType>
      <ItemName>גבינת סקי 5% 250 גרם</ItemName>
      <ManufacturerName>לא ידוע</ManufacturerName>
      <ManufactureCountry>IL</ManufactureCountry>
      <ManufacturerItemDescription>גבינת סקי 5% 250 גרם</ManufacturerItemDescription>
      <UnitQty>גרמים</UnitQty>
      <Quantity>250.00</Quantity>
      <bIsWeighted>0</bIsWeighted>
      <UnitOfMeasure>100 גרם</UnitOfMeasure>
      <QtyInPackage>1</QtyInPackage>
      <ItemPrice>5.81</ItemPrice>
      <UnitOfMeasurePrice>2.32</UnitOfMeasurePrice>
      <AllowDiscount>1</AllowDiscount>
      <ItemStatus>1</ItemStatus>
    </Item>
    <Item>
      <PriceUpdateDate>2025-01-14 08:31</PriceUpdateDate>
      <ItemCode>7290002868996</ItemCode>
      <ItemType>1</ItemType>
      <ItemName>קוטג 5% מועשר 250 גרם</ItemName>
      <ManufacturerName>לא ידוע</ManufacturerName>
      <ManufactureCountry>לא ידוע</ManufactureCountry>
      <ManufacturerItemDescription>קוטג 5% מועשר 250 גר</ManufacturerItemDescription>
      <UnitQty>גרמים</UnitQty>
      <Quantity>250.00</Quantity>
      <bIsWeighted>0</bIsWeighted>
      <UnitOfMeasure>100 גרם</UnitOfMeasure>
      <QtyInPackage>1</QtyInPackage>
      <ItemPrice>6.90</ItemPrice>
      <UnitOfMeasurePrice>2.76</UnitOfMeasurePrice>
      <AllowDiscount>1</AllowDiscount>
      <ItemStatus>1</ItemStatus>
    </Item>
    <Item>
      <PriceUpdateDate>2025-03-20 12:17</PriceUpdateDate>
      <ItemCode>7290002879282</ItemCode>
      <ItemType>1</ItemType>
      <ItemName>סומבררו-תירס טבעי 200 גרם</ItemName>
      <ManufacturerName>לא ידוע</ManufacturerName>
      <ManufactureCountry>לא ידוע</ManufactureCountry>
      <ManufacturerItemDescription>סומבררו-תירס טבעי 20</ManufacturerItemDescription>
      <UnitQty>גרמים</UnitQty>
      <Quantity>200.00</Quantity>
      <bIsWeighted>0</bIsWeighted>
      <UnitOfMeasure>100 גרם</UnitOfMeasure>
      <QtyInPackage>1</QtyInPackage>
      <ItemPrice>24.90</ItemPrice>
      <UnitOfMeasurePrice>12.45</UnitOfMeasurePrice>
      <AllowDiscount>1</AllowDiscount>
      <ItemStatus>1</ItemStatus>
    </Item>
    <Item>
      <PriceUpdateDate>2023-01-07 18:20</PriceUpdateDate>
      <ItemCode>7290002879459</ItemCode>
      <ItemType>1</ItemType>
      <ItemName>וילי פרוסות סלק כבוש בחומץ 710 ג</ItemName>
      <ManufacturerName>לא ידוע</ManufacturerName>
      <ManufactureCountry>לא ידוע</ManufactureCountry>
      <ManufacturerItemDescription>וילי פרוסות סלק כבוש</ManufacturerItemDescription>
      <UnitQty>גרמים</UnitQty>
      <Quantity>710.00</Quantity>
      <bIsWeighted>0</bIsWeighted>
      <UnitOfMeasure>100 גרם</UnitOfMeasure>
      <QtyInPackage>1</QtyInPackage>
      <ItemPrice>21.90</ItemPrice>
      <UnitOfMeasurePrice>3.08</UnitOfMeasurePrice>
      <AllowDiscount>1</AllowDiscount>
      <ItemStatus>1</ItemStatus>
    </Item>
    <Item>
      <PriceUpdateDate>2025-03-16 07:19</PriceUpdateDate>
      <ItemCode>7290002881230</ItemCode>
      <ItemType>1</ItemType>
      <ItemName>אננס חתוך תומר 830 גרם</ItemName>
      <ManufacturerName>לא ידוע</ManufacturerName>
      <ManufactureCountry>לא ידוע</ManufactureCountry>
      <ManufacturerItemDescription>אננס חתוך תומר 850 ג</ManufacturerItemDescription>
      <UnitQty>גרמים</UnitQty>
      <Quantity>830.00</Quantity>
      <bIsWeighted>0</bIsWeighted>
      <UnitOfMeasure>100 גרם</UnitOfMeasure>
      <QtyInPackage>1</QtyInPackage>
      <ItemPrice>13.20</ItemPrice>
      <UnitOfMeasurePrice>1.59</UnitOfMeasurePrice>
      <AllowDiscount>1</AllowDiscount>
      <ItemStatus>1</ItemStatus>
    </Item>
    <Item>
      <PriceUpdateDate>2025-03-16 07:19</PriceUpdateDate>
      <ItemCode>7290002881247</ItemCode>
      <ItemType>1</ItemType>
      <ItemName>אננס שלם תומר 850 גרם</ItemName>
      <ManufacturerName>לא ידוע</ManufacturerName>
      <ManufactureCountry>לא ידוע</ManufactureCountry>
      <ManufacturerItemDescription>אננס שלם תומר 850 גר</ManufacturerItemDescription>
      <UnitQty>גרמים</UnitQty>
      <Quantity>850.00</Quantity>
      <bIsWeighted>0</bIsWeighted>
      <UnitOfMeasure>100 גרם</UnitOfMeasure>
      <QtyInPackage>1</QtyInPackage>
      <ItemPrice>13.20</ItemPrice>
      <UnitOfMeasurePrice>1.55</UnitOfMeasurePrice>
      <AllowDiscount>1</AllowDiscount>
      <ItemStatus>1</ItemStatus>
    </Item>
    <Item>
      <PriceUpdateDate>2025-03-16 07:19</PriceUpdateDate>
      <ItemCode>7290002881254</ItemCode>
      <ItemType>1</ItemType>
      <ItemName>קוקטייל טרופי  תומר 820 גרם</ItemName>
      <ManufacturerName>לא ידוע</ManufacturerName>
      <ManufactureCountry>לא ידוע</ManufactureCountry>
      <ManufacturerItemDescription>קוקטייל טרופי  תומר </ManufacturerItemDescription>
      <UnitQty>גרמים</UnitQty>
      <Quantity>820.00</Quantity>
      <bIsWeighted>0</bIsWeighted>
      <UnitOfMeasure>100 גרם</UnitOfMeasure>
      <QtyInPackage>1</QtyInPackage>
      <ItemPrice>15.20</ItemPrice>
      <UnitOfMeasurePrice>1.85</UnitOfMeasurePrice>
      <AllowDiscount>1</AllowDiscount>
      <ItemStatus>1</ItemStatus>
    </Item>
    <Item>
      <PriceUpdateDate>2025-03-16 07:19</PriceUpdateDate>
      <ItemCode>7290002881551</ItemCode>
      <ItemType>1</ItemType>
      <ItemName>עלי גפן ממולאים 400 גרם</ItemName>
      <ManufacturerName>לא ידוע</ManufacturerName>
      <ManufactureCountry>לא ידוע</ManufactureCountry>
      <ManufacturerItemDescription>עלי גפן ממולאים 400 </ManufacturerItemDescription>
      <UnitQty>גרמים</UnitQty>
      <Quantity>400.00</Quantity>
      <bIsWeighted>0</bIsWeighted>
      <UnitOfMeasure>100 גרם</UnitOfMeasure>
      <QtyInPackage>1</QtyInPackage>
      <ItemPrice>13.50</ItemPrice>
      <UnitOfMeasurePrice>3.38</UnitOfMeasurePrice>
      <AllowDiscount>1</AllowDiscount>
      <ItemStatus>1</ItemStatus>
    </Item>
    <Item>
      <PriceUpdateDate>2025-03-16 07:19</PriceUpdateDate>
      <ItemCode>7290002881735</ItemCode>
      <ItemType>1</ItemType>
      <ItemName>לבבות דקל שלם 400 גר</ItemName>
      <ManufacturerName>לא ידוע</ManufacturerName>
      <ManufactureCountry>לא ידוע</ManufactureCountry>
      <ManufacturerItemDescription>לבבות דקל שלם 400 גר</ManufacturerItemDescription>
      <UnitQty>גרמים</UnitQty>
      <Quantity>400.00</Quantity>
      <bIsWeighted>0</bIsWeighted>
      <UnitOfMeasure>100 גרם</UnitOfMeasure>
      <QtyInPackage>1</QtyInPackage>
      <ItemPrice>15.50</ItemPrice>
      <UnitOfMeasurePrice>3.88</UnitOfMeasurePrice>
      <AllowDiscount>1</AllowDiscount>
      <ItemStatus>1</ItemStatus>
    </Item>
    <Item>
      <PriceUpdateDate>2024-07-17 08:33</PriceUpdateDate>
      <ItemCode>7290002881742</ItemCode>
      <ItemType>1</ItemType>
      <ItemName>לבבות דקל פרוס 400 גרם</ItemName>
      <ManufacturerName>לא ידוע</ManufacturerName>
      <ManufactureCountry>לא ידוע</ManufactureCountry>
      <ManufacturerItemDescription>לבבות דקל פרוס 400 ג</ManufacturerItemDescription>
      <UnitQty>גרמים</UnitQty>
      <Quantity>400.00</Quantity>
      <bIsWeighted>0</bIsWeighted>
      <UnitOfMeasure>100 גרם</UnitOfMeasure>
      <QtyInPackage>1</QtyInPackage>
      <ItemPrice>10.60</ItemPrice>
      <UnitOfMeasurePrice>2.65</UnitOfMeasurePrice>
      <AllowDiscount>1</AllowDiscount>
      <ItemStatus>1</ItemStatus>
    </Item>
    <Item>
      <PriceUpdateDate>2025-09-16 12:36</PriceUpdateDate>
      <ItemCode>7290002881803</ItemCode>
      <ItemType>1</ItemType>
      <ItemName>שמן קנולה תומר 1 ליטר</ItemName>
      <ManufacturerName>לא ידוע</ManufacturerName>
      <ManufactureCountry>לא ידוע</ManufactureCountry>
      <ManufacturerItemDescription>שמן קנולה תומר 1 ליט</ManufacturerItemDescription>
      <UnitQty>מיליליטרים</UnitQty>
      <Quantity>1000.00</Quantity>
      <bIsWeighted>0</bIsWeighted>
      <UnitOfMeasure>100 מ"ל</UnitOfMeasure>
      <QtyInPackage>1</QtyInPackage>
      <ItemPrice>11.90</ItemPrice>
      <UnitOfMeasurePrice>1.19</UnitOfMeasurePrice>
      <AllowDiscount>1</AllowDiscount>
      <ItemStatus>1</ItemStatus>
    </Item>
    <Item>
      <PriceUpdateDate>2025-01-23 07:43</PriceUpdateDate>
      <ItemCode>7290002881872</ItemCode>
      <ItemType>1</ItemType>
      <ItemName>פטריות 5.5 חתוך 290 גרם</ItemName>
      <ManufacturerName>לא ידוע</ManufacturerName>
      <ManufactureCountry>לא ידוע</ManufactureCountry>
      <ManufacturerItemDescription>פטריות 5.5 חתוך 290 </ManufacturerItemDescription>
      <UnitQty>גרמים</UnitQty>
      <Quantity>290.00</Quantity>
      <bIsWeighted>0</bIsWeighted>
      <UnitOfMeasure>100 גרם</UnitOfMeasure>
      <QtyInPackage>1</QtyInPackage>
      <ItemPrice>6.50</ItemPrice>
      <UnitOfMeasurePrice>2.24</UnitOfMeasurePrice>
      <AllowDiscount>1</AllowDiscount>
      <ItemStatus>1</ItemStatus>
    </Item>
    <Item>
      <PriceUpdateDate>2025-03-11 08:24</PriceUpdateDate>
      <ItemCode>7290002881919</ItemCode>
      <ItemType>1</ItemType>
      <ItemName>שימורי פטריות 8 שלם 400 גר</ItemName>
      <ManufacturerName>לא ידוע</ManufacturerName>
      <ManufactureCountry>לא ידוע</ManufactureCountry>
      <ManufacturerItemDescription>שימורי פטריות 8 שלם </ManufacturerItemDescription>
      <UnitQty>גרמים</UnitQty>
      <Quantity>400.00</Quantity>
      <bIsWeighted>0</bIsWeighted>
      <UnitOfMeasure>100 גרם</UnitOfMeasure>
      <QtyInPackage>1</QtyInPackage>
      <ItemPrice>9.70</ItemPrice>
      <UnitOfMeasurePrice>2.43</UnitOfMeasurePrice>
      <AllowDiscount>1</AllowDiscount>
      <ItemStatus>1</ItemStatus>
    </Item>
    <Item>
      <PriceUpdateDate>2025-01-14 08:26</PriceUpdateDate>
      <ItemCode>7290002900436</ItemCode>
      <ItemType>1</ItemType>
      <ItemName>פסטרמה איטלקיתטירת צבי</ItemName>
      <ManufacturerName>לא ידוע</ManufacturerName>
      <ManufactureCountry>לא ידוע</ManufactureCountry>
      <ManufacturerItemDescription>פסטרמה איטלקית      </ManufacturerItemDescription>
      <UnitQty>Unknown</UnitQty>
      <Quantity>0.00</Quantity>
      <bIsWeighted>1</bIsWeighted>
      <UnitOfMeasure>ק"ג</UnitOfMeasure>
      <QtyInPackage>0</QtyInPackage>
      <ItemPrice>105.00</ItemPrice>
      <UnitOfMeasurePrice>105.00</UnitOfMeasurePrice>
      <AllowDiscount>1</AllowDiscount>
      <ItemStatus>1</ItemStatus>
    </Item>
    <Item>
      <PriceUpdateDate>2022-08-08 20:14</PriceUpdateDate>
      <ItemCode>7290002966005</ItemCode>
      <ItemType>1</ItemType>
      <ItemName>קוויאר אדום מאצות ים 100גר</ItemName>
      <ManufacturerName>לא ידוע</ManufacturerName>
      <ManufactureCountry>לא ידוע</ManufactureCountry>
      <ManufacturerItemDescription>קוויאר אדום מאצות ים</ManufacturerItemDescription>
      <UnitQty>גרמים</UnitQty>
      <Quantity>100.00</Quantity>
      <bIsWeighted>0</bIsWeighted>
      <UnitOfMeasure>100 גרם</UnitOfMeasure>
      <QtyInPackage>1</QtyInPackage>
      <ItemPrice>13.90</ItemPrice>
      <UnitOfMeasurePrice>13.90</UnitOfMeasurePrice>
      <AllowDiscount>1</AllowDiscount>
      <ItemStatus>1</ItemStatus>
    </Item>
    <Item>
      <PriceUpdateDate>2022-08-08 20:12</PriceUpdateDate>
      <ItemCode>7290002966784</ItemCode>
      <ItemType>1</ItemType>
      <ItemName>סלט איקרא ורודה 200 גרם</ItemName>
      <ManufacturerName>לא ידוע</ManufacturerName>
      <ManufactureCountry>ישראל</ManufactureCountry>
      <ManufacturerItemDescription>סלט איקרא ורודה 200 </ManufacturerItemDescription>
      <UnitQty>גרמים</UnitQty>
      <Quantity>200.00</Quantity>
      <bIsWeighted>0</bIsWeighted>
      <UnitOfMeasure>100 גרם</UnitOfMeasure>
      <QtyInPackage>1</QtyInPackage>
      <ItemPrice>13.90</ItemPrice>
      <UnitOfMeasurePrice>6.95</UnitOfMeasurePrice>
      <AllowDiscount>1</AllowDiscount>
      <ItemStatus>1</ItemStatus>
    </Item>
    <Item>
      <PriceUpdateDate>2023-01-18 17:16</PriceUpdateDate>
      <ItemCode>7290002971009</ItemCode>
      <ItemType>1</ItemType>
      <ItemName>קמח לבן שטיבל 1 ק"ג</ItemName>
      <ManufacturerName>לא ידוע</ManufacturerName>
      <ManufactureCountry>לא ידוע</ManufactureCountry>
      <ManufacturerItemDescription>קמח לבן שטיבל 1 ק"ג </ManufacturerItemDescription>
      <UnitQty>גרמים</UnitQty>
      <Quantity>1000.00</Quantity>
      <bIsWeighted>0</bIsWeighted>
      <UnitOfMeasure>100 גרם</UnitOfMeasure>
      <QtyInPackage>1</QtyInPackage>
      <ItemPrice>5.50</ItemPrice>
      <UnitOfMeasurePrice>0.55</UnitOfMeasurePrice>
      <AllowDiscount>1</AllowDiscount>
      <ItemStatus>1</ItemStatus>
    </Item>
    <Item>
      <PriceUpdateDate>2024-02-04 10:53</PriceUpdateDate>
      <ItemCode>7290002971016</ItemCode>
      <ItemType>1</ItemType>
      <ItemName>סולת שטיבל 1 ק"ג</ItemName>
      <ManufacturerName>לא ידוע</ManufacturerName>
      <ManufactureCountry>לא ידוע</ManufactureCountry>
      <ManufacturerItemDescription>סולת שטיבל 1 ק"ג    </ManufacturerItemDescription>
      <UnitQty>גרמים</UnitQty>
      <Quantity>1000.00</Quantity>
      <bIsWeighted>0</bIsWeighted>
      <UnitOfMeasure>100 גרם</UnitOfMeasure>
      <QtyInPackage>1</QtyInPackage>
      <ItemPrice>5.90</ItemPrice>
      <UnitOfMeasurePrice>0.59</UnitOfMeasurePrice>
      <AllowDiscount>1</AllowDiscount>
      <ItemStatus>1</ItemStatus>
    </Item>
    <Item>
      <PriceUpdateDate>2024-07-17 08:32</PriceUpdateDate>
      <ItemCode>7290002971955</ItemCode>
      <ItemType>1</ItemType>
      <ItemName>קמח שטיבל 650 ללא ניפוי 1 ק"ג</ItemName>
      <ManufacturerName>לא ידוע</ManufacturerName>
      <ManufactureCountry>לא ידוע</ManufactureCountry>
      <ManufacturerItemDescription>קמח שטיבל 650 ללא ני</ManufacturerItemDescription>
      <UnitQty>גרמים</UnitQty>
      <Quantity>1000.00</Quantity>
      <bIsWeighted>0</bIsWeighted>
      <UnitOfMeasure>100 גרם</UnitOfMeasure>
      <QtyInPackage>1</QtyInPackage>
      <ItemPrice>10.40</ItemPrice>
      <UnitOfMeasurePrice>1.04</UnitOfMeasurePrice>
      <AllowDiscount>1</AllowDiscount>
      <ItemStatus>1</ItemStatus>
    </Item>
    <Item>
      <PriceUpdateDate>2024-05-27 10:48</PriceUpdateDate>
      <ItemCode>7290003009640</ItemCode>
      <ItemType>1</ItemType>
      <ItemName>סחוט טרי תפוז 1 ליטר</ItemName>
      <ManufacturerName>לא ידוע</ManufacturerName>
      <ManufactureCountry>לא ידוע</ManufactureCountry>
      <ManufacturerItemDescription>סחוט טרי תפוז 1 ליטר</ManufacturerItemDescription>
      <UnitQty>מיליליטרים</UnitQty>
      <Quantity>1000.00</Quantity>
      <bIsWeighted>0</bIsWeighted>
      <UnitOfMeasure>100 מ"ל</UnitOfMeasure>
      <QtyInPackage>1</QtyInPackage>
      <ItemPrice>19.90</ItemPrice>
      <UnitOfMeasurePrice>1.99</UnitOfMeasurePrice>
      <AllowDiscount>1</AllowDiscount>
      <ItemStatus>1</ItemStatus>
    </Item>
    <Item>
      <PriceUpdateDate>2025-07-10 11:35</PriceUpdateDate>
      <ItemCode>7290003024001</ItemCode>
      <ItemType>1</ItemType>
      <ItemName>גבינה ברי צרפתי במשקל</ItemName>
      <ManufacturerName>לא ידוע</ManufacturerName>
      <ManufactureCountry>לא ידוע</ManufactureCountry>
      <ManufacturerItemDescription>גבינה ברי צרפתי     </ManufacturerItemDescription>
      <UnitQty>Unknown</UnitQty>
      <Quantity>0.00</Quantity>
      <bIsWeighted>1</bIsWeighted>
      <UnitOfMeasure>ק"ג</UnitOfMeasure>
      <QtyInPackage>0</QtyInPackage>
      <ItemPrice>209.00</ItemPrice>
      <UnitOfMeasurePrice>209.00</UnitOfMeasurePrice>
      <AllowDiscount>1</AllowDiscount>
      <ItemStatus>1</ItemStatus>
    </Item>
    <Item>
      <PriceUpdateDate>2025-07-01 06:22</PriceUpdateDate>
      <ItemCode>7290003024513</ItemCode>
      <ItemType>1</ItemType>
      <ItemName>גבינת פקורינו טוסקנו שקיל</ItemName>
      <ManufacturerName>לא ידוע</ManufacturerName>
      <ManufactureCountry>לא ידוע</ManufactureCountry>
      <ManufacturerItemDescription>גבינת פקורינו טוסקנו</ManufacturerItemDescription>
      <UnitQty>Unknown</UnitQty>
      <Quantity>0.00</Quantity>
      <bIsWeighted>1</bIsWeighted>
      <UnitOfMeasure>ק"ג</UnitOfMeasure>
      <QtyInPackage>0</QtyInPackage>
      <ItemPrice>289.00</ItemPrice>
      <UnitOfMeasurePrice>289.00</UnitOfMeasurePrice>
      <AllowDiscount>1</AllowDiscount>
      <ItemStatus>1</ItemStatus>
    </Item>
    <Item>
      <PriceUpdateDate>2025-07-10 11:26</PriceUpdateDate>
      <ItemCode>7290003024520</ItemCode>
      <ItemType>1</ItemType>
      <ItemName>גבינת פרובולונה דולצה איטלקי במשקל</ItemName>
      <ManufacturerName>לא ידוע</ManufacturerName>
      <ManufactureCountry>לא ידוע</ManufactureCountry>
      <ManufacturerItemDescription>גבינת פרובולונה     </ManufacturerItemDescription>
      <UnitQty>Unknown</UnitQty>
      <Quantity>0.00</Quantity>
      <bIsWeighted>1</bIsWeighted>
      <UnitOfMeasure>ק"ג</UnitOfMeasure>
      <QtyInPackage>0</QtyInPackage>
      <ItemPrice>225.00</ItemPrice>
      <UnitOfMeasurePrice>225.00</UnitOfMeasurePrice>
      <AllowDiscount>1</AllowDiscount>
      <ItemStatus>1</ItemStatus>
    </Item>
    <Item>
      <PriceUpdateDate>2025-08-31 14:44</PriceUpdateDate>
      <ItemCode>7290003029181</ItemCode>
      <ItemType>1</ItemType>
      <ItemName>שוקו 1ליטר בקבוק</ItemName>
      <ManufacturerName>לא ידוע</ManufacturerName>
      <ManufactureCountry>ישראל</ManufactureCountry>
      <ManufacturerItemDescription>שוקו בקבוק יטבתה    </ManufacturerItemDescription>
      <UnitQty>מיליליטרים</UnitQty>
      <Quantity>1000.00</Quantity>
      <bIsWeighted>0</bIsWeighted>
      <UnitOfMeasure>100 מ"ל</UnitOfMeasure>
      <QtyInPackage>1</QtyInPackage>
      <ItemPrice>14.20</ItemPrice>
      <UnitOfMeasurePrice>1.42</UnitOfMeasurePrice>
      <AllowDiscount>1</AllowDiscount>
      <ItemStatus>1</ItemStatus>
    </Item>
    <Item>
      <PriceUpdateDate>2025-01-14 08:31</PriceUpdateDate>
      <ItemCode>7290003029433</ItemCode>
      <ItemType>1</ItemType>
      <ItemName>שוקו פקק יטבתה 250 מ"ל</ItemName>
      <ManufacturerName>לא ידוע</ManufacturerName>
      <ManufactureCountry>לא ידוע</ManufactureCountry>
      <ManufacturerItemDescription>שוקו פקק יטבתה 250 מ</ManufacturerItemDescription>
      <UnitQty>מיליליטרים</UnitQty>
      <Quantity>250.00</Quantity>
      <bIsWeighted>0</bIsWeighted>
      <UnitOfMeasure>100 מ"ל</UnitOfMeasure>
      <QtyInPackage>1</QtyInPackage>
      <ItemPrice>5.90</ItemPrice>
      <UnitOfMeasurePrice>2.36</UnitOfMeasurePrice>
      <AllowDiscount>1</AllowDiscount>
      <ItemStatus>1</ItemStatus>
    </Item>
    <Item>
      <PriceUpdateDate>2025-08-31 14:46</PriceUpdateDate>
      <ItemCode>7290003029815</ItemCode>
      <ItemType>1</ItemType>
      <ItemName>חלב יטבתה 3% מועשר 2 ליטר</ItemName>
      <ManufacturerName>לא ידוע</ManufacturerName>
      <ManufactureCountry>לא ידוע</ManufactureCountry>
      <ManufacturerItemDescription>חלב יטבתה 3% מועשר 2</ManufacturerItemDescription>
      <UnitQty>ליטרים</UnitQty>
      <Quantity>0.00</Quantity>
      <bIsWeighted>0</bIsWeighted>
      <UnitOfMeasure>ליטר</UnitOfMeasure>
      <QtyInPackage>1</QtyInPackage>
      <ItemPrice>19.30</ItemPrice>
      <UnitOfMeasurePrice>19.30</UnitOfMeasurePrice>
      <AllowDiscount>1</AllowDiscount>
      <ItemStatus>1</ItemStatus>
    </Item>
    <Item>
      <PriceUpdateDate>2025-09-16 12:37</PriceUpdateDate>
      <ItemCode>7290003029907</ItemCode>
      <ItemType>1</ItemType>
      <ItemName>קפה יטבתה 1 ליטר</ItemName>
      <ManufacturerName>לא ידוע</ManufacturerName>
      <ManufactureCountry>לא ידוע</ManufactureCountry>
      <ManufacturerItemDescription>קפה יטבתה 1ליטר     </ManufacturerItemDescription>
      <UnitQty>מיליליטרים</UnitQty>
      <Quantity>1000.00</Quantity>
      <bIsWeighted>0</bIsWeighted>
      <UnitOfMeasure>100 מ"ל</UnitOfMeasure>
      <QtyInPackage>1</QtyInPackage>
      <ItemPrice>14.20</ItemPrice>
      <UnitOfMeasurePrice>1.42</UnitOfMeasurePrice>
      <AllowDiscount>1</AllowDiscount>
      <ItemStatus>1</ItemStatus>
    </Item>
    <Item>
      <PriceUpdateDate>2023-01-13 12:51</PriceUpdateDate>
      <ItemCode>7290003054183</ItemCode>
      <ItemType>1</ItemType>
      <ItemName>לחם שיפון מלא 500 גרם</ItemName>
      <ManufacturerName>לא ידוע</ManufacturerName>
      <ManufactureCountry>לא ידוע</ManufactureCountry>
      <ManufacturerItemDescription>לחם שיפון מלא 500 גר</ManufacturerItemDescription>
      <UnitQty>גרמים</UnitQty>
      <Quantity>500.00</Quantity>
      <bIsWeighted>0</bIsWeighted>
      <UnitOfMeasure>100 גרם</UnitOfMeasure>
      <QtyInPackage>1</QtyInPackage>
      <ItemPrice>16.40</ItemPrice>
      <UnitOfMeasurePrice>3.28</UnitOfMeasurePrice>
      <AllowDiscount>1</AllowDiscount>
      <ItemStatus>1</ItemStatus>
    </Item>
    <Item>
      <PriceUpdateDate>2023-06-04 19:27</PriceUpdateDate>
      <ItemCode>7290003054657</ItemCode>
      <ItemType>1</ItemType>
      <ItemName>חרדל דיזיון 370 גר</ItemName>
      <ManufacturerName>לא ידוע</ManufacturerName>
      <ManufactureCountry>לא ידוע</ManufactureCountry>
      <ManufacturerItemDescription>חרדל דיזיון 370 גר  </ManufacturerItemDescription>
      <UnitQty>גרמים</UnitQty>
      <Quantity>370.00</Quantity>
      <bIsWeighted>0</bIsWeighted>
      <UnitOfMeasure>100 גרם</UnitOfMeasure>
      <QtyInPackage>1</QtyInPackage>
      <ItemPrice>14.90</ItemPrice>
      <UnitOfMeasurePrice>4.03</UnitOfMeasurePrice>
      <AllowDiscount>1</AllowDiscount>
      <ItemStatus>1</ItemStatus>
    </Item>
    <Item>
      <PriceUpdateDate>2025-03-11 08:24</PriceUpdateDate>
      <ItemCode>7290003054725</ItemCode>
      <ItemType>1</ItemType>
      <ItemName>חרדל אנגלי קולמנט 100 גרם</ItemName>
      <ManufacturerName>לא ידוע</ManufacturerName>
      <ManufactureCountry>לא ידוע</ManufactureCountry>
      <ManufacturerItemDescription>חרדל אנגלי קולמנט   </ManufacturerItemDescription>
      <UnitQty>גרמים</UnitQty>
      <Quantity>100.00</Quantity>
      <bIsWeighted>0</bIsWeighted>
      <UnitOfMeasure>100 גרם</UnitOfMeasure>
      <QtyInPackage>1</QtyInPackage>
      <ItemPrice>17.50</ItemPrice>
      <UnitOfMeasurePrice>17.50</UnitOfMeasurePrice>
      <AllowDiscount>1</AllowDiscount>
      <ItemStatus>1</ItemStatus>
    </Item>
    <Item>
      <PriceUpdateDate>2025-07-27 13:52</PriceUpdateDate>
      <ItemCode>7290003072804</ItemCode>
      <ItemType>1</ItemType>
      <ItemName>פסטרמה של פעם 200 גרם</ItemName>
      <ManufacturerName>לא ידוע</ManufacturerName>
      <ManufactureCountry>ישראל</ManufactureCountry>
      <ManufacturerItemDescription>פסטרמה של פעם 200 גר</ManufacturerItemDescription>
      <UnitQty>גרמים</UnitQty>
      <Quantity>200.00</Quantity>
      <bIsWeighted>0</bIsWeighted>
      <UnitOfMeasure>100 גרם</UnitOfMeasure>
      <QtyInPackage>1</QtyInPackage>
      <ItemPrice>28.90</ItemPrice>
      <UnitOfMeasurePrice>14.45</UnitOfMeasurePrice>
      <AllowDiscount>1</AllowDiscount>
      <ItemStatus>1</ItemStatus>
    </Item>
    <Item>
      <PriceUpdateDate>2021-01-20 21:12</PriceUpdateDate>
      <ItemCode>7290003072828</ItemCode>
      <ItemType>1</ItemType>
      <ItemName>נקניקיות פרנקפורטר 320 גרם</ItemName>
      <ManufacturerName>לא ידוע</ManufacturerName>
      <ManufactureCountry>ישראל</ManufactureCountry>
      <ManufacturerItemDescription>נקניקיות פרנקפורטר 3</ManufacturerItemDescription>
      <UnitQty>גרמים</UnitQty>
      <Quantity>320.00</Quantity>
      <bIsWeighted>0</bIsWeighted>
      <UnitOfMeasure>100 גרם</UnitOfMeasure>
      <QtyInPackage>1</QtyInPackage>
      <ItemPrice>27.90</ItemPrice>
      <UnitOfMeasurePrice>8.72</UnitOfMeasurePrice>
      <AllowDiscount>1</AllowDiscount>
      <ItemStatus>1</ItemStatus>
    </Item>
    <Item>
      <PriceUpdateDate>2025-11-14 09:53</PriceUpdateDate>
      <ItemCode>7290003072965</ItemCode>
      <ItemType>1</ItemType>
      <ItemName>קבנוס חריף מעושן טירת צבי 120 גרם</ItemName>
      <ManufacturerName>לא ידוע</ManufacturerName>
      <ManufactureCountry />
      <ManufacturerItemDescription>קבנוס חריף מעושן טיר</ManufacturerItemDescription>
      <UnitQty>גרמים</UnitQty>
      <Quantity>120.00</Quantity>
      <bIsWeighted>0</bIsWeighted>
      <UnitOfMeasure>100 גרם</UnitOfMeasure>
      <QtyInPackage>1</QtyInPackage>
      <ItemPrice>13.90</ItemPrice>
      <UnitOfMeasurePrice>11.58</UnitOfMeasurePrice>
      <AllowDiscount>1</AllowDiscount>
      <ItemStatus>1</ItemStatus>
    </Item>
    <Item>
      <PriceUpdateDate>2025-01-13 10:20</PriceUpdateDate>
      <ItemCode>7290003072972</ItemCode>
      <ItemType>1</ItemType>
      <ItemName>קבנוס בתיבול מעושן טירת צבי 120 גרם</ItemName>
      <ManufacturerName>לא ידוע</ManufacturerName>
      <ManufactureCountry />
      <ManufacturerItemDescription>קבנוס בתיבול מעושן ט</ManufacturerItemDescription>
      <UnitQty>גרמים</UnitQty>
      <Quantity>120.00</Quantity>
      <bIsWeighted>0</bIsWeighted>
      <UnitOfMeasure>100 גרם</UnitOfMeasure>
      <QtyInPackage>1</QtyInPackage>
      <ItemPrice>13.90</ItemPrice>
      <UnitOfMeasurePrice>11.58</UnitOfMeasurePrice>
      <AllowDiscount>1</AllowDiscount>
      <ItemStatus>1</ItemStatus>
    </Item>
    <Item>
      <PriceUpdateDate>2025-03-11 08:29</PriceUpdateDate>
      <ItemCode>7290003078066</ItemCode>
      <ItemType>1</ItemType>
      <ItemName>שום כתוש 250 גרם</ItemName>
      <ManufacturerName>לא ידוע</ManufacturerName>
      <ManufactureCountry>ישראל</ManufactureCountry>
      <ManufacturerItemDescription>שום כתוש 250 גרם    </ManufacturerItemDescription>
      <UnitQty>גרמים</UnitQty>
      <Quantity>250.00</Quantity>
      <bIsWeighted>0</bIsWeighted>
      <UnitOfMeasure>100 גרם</UnitOfMeasure>
      <QtyInPackage>1</QtyInPackage>
      <ItemPrice>20.90</ItemPrice>
      <UnitOfMeasurePrice>8.36</UnitOfMeasurePrice>
      <AllowDiscount>1</AllowDiscount>
      <ItemStatus>1</ItemStatus>
    </Item>
    <Item>
      <PriceUpdateDate>2025-02-27 09:51</PriceUpdateDate>
      <ItemCode>7290003208579</ItemCode>
      <ItemType>1</ItemType>
      <ItemName>וודקה גריי גוס 1 ליטר</ItemName>
      <ManufacturerName>לא ידוע</ManufacturerName>
      <ManufactureCountry>לא ידוע</ManufactureCountry>
      <ManufacturerItemDescription>וודקה גריי גוס 1 ליט</ManufacturerItemDescription>
      <UnitQty>מיליליטרים</UnitQty>
      <Quantity>1000.00</Quantity>
      <bIsWeighted>0</bIsWeighted>
      <UnitOfMeasure>100 מ"ל</UnitOfMeasure>
      <QtyInPackage>1</QtyInPackage>
      <ItemPrice>175.20</ItemPrice>
      <UnitOfMeasurePrice>17.52</UnitOfMeasurePrice>
      <AllowDiscount>1</AllowDiscount>
      <ItemStatus>1</ItemStatus>
    </Item>
    <Item>
      <PriceUpdateDate>2025-11-05 16:08</PriceUpdateDate>
      <ItemCode>7290003208586</ItemCode>
      <ItemType>1</ItemType>
      <ItemName>וורמוט מרטיני לבן 750 מ"ל</ItemName>
      <ManufacturerName>לא ידוע</ManufacturerName>
      <ManufactureCountry>לא ידוע</ManufactureCountry>
      <ManufacturerItemDescription>וורמוט מרטיני לבן 75</ManufacturerItemDescription>
      <UnitQty>Unknown</UnitQty>
      <Quantity>0.00</Quantity>
      <bIsWeighted>0</bIsWeighted>
      <UnitOfMeasure>Unknown</UnitOfMeasure>
      <QtyInPackage>1</QtyInPackage>
      <ItemPrice>69.90</ItemPrice>
      <UnitOfMeasurePrice>69.90</UnitOfMeasurePrice>
      <AllowDiscount>1</AllowDiscount>
      <ItemStatus>1</ItemStatus>
    </Item>
    <Item>
      <PriceUpdateDate>2024-12-08 08:42</PriceUpdateDate>
      <ItemCode>7290003215683</ItemCode>
      <ItemType>1</ItemType>
      <ItemName>שמן זית טבע גב 750מ"ל</ItemName>
      <ManufacturerName>לא ידוע</ManufacturerName>
      <ManufactureCountry>IL</ManufactureCountry>
      <ManufacturerItemDescription>שמן זית ישראלי      </ManufacturerItemDescription>
      <UnitQty>מיליליטרים</UnitQty>
      <Quantity>750.00</Quantity>
      <bIsWeighted>0</bIsWeighted>
      <UnitOfMeasure>100 מ"ל</UnitOfMeasure>
      <QtyInPackage>1</QtyInPackage>
      <ItemPrice>42.90</ItemPrice>
      <UnitOfMeasurePrice>5.72</UnitOfMeasurePrice>
      <AllowDiscount>1</AllowDiscount>
      <ItemStatus>1</ItemStatus>
    </Item>
    <Item>
      <PriceUpdateDate>2025-01-19 15:07</PriceUpdateDate>
      <ItemCode>7290003215690</ItemCode>
      <ItemType>1</ItemType>
      <ItemName>שמן זית כתית מעולה 0.5% 1 ליטר טבע גב</ItemName>
      <ManufacturerName>לא ידוע</ManufacturerName>
      <ManufactureCountry>ישראל</ManufactureCountry>
      <ManufacturerItemDescription>שמן זית כתית מעולה  </ManufacturerItemDescription>
      <UnitQty>מיליליטרים</UnitQty>
      <Quantity>1000.00</Quantity>
      <bIsWeighted>0</bIsWeighted>
      <UnitOfMeasure>100 מ"ל</UnitOfMeasure>
      <QtyInPackage>1</QtyInPackage>
      <ItemPrice>49.90</ItemPrice>
      <UnitOfMeasurePrice>4.99</UnitOfMeasurePrice>
      <AllowDiscount>1</AllowDiscount>
      <ItemStatus>1</ItemStatus>
    </Item>
    <Item>
      <PriceUpdateDate>2025-12-16 16:47</PriceUpdateDate>
      <ItemCode>7290003215713</ItemCode>
      <ItemType>1</ItemType>
      <ItemName>שמן זית כתית מעולה 0.5% ארץ השמנים 750 מ</ItemName>
      <ManufacturerName>לא ידוע</ManufacturerName>
      <ManufactureCountry>IL</ManufactureCountry>
      <ManufacturerItemDescription>שמן זית כתית מעולה 0</ManufacturerItemDescription>
      <UnitQty>מיליליטרים</UnitQty>
      <Quantity>750.00</Quantity>
      <bIsWeighted>0</bIsWeighted>
      <UnitOfMeasure>100 מ"ל</UnitOfMeasure>
      <QtyInPackage>1</QtyInPackage>
      <ItemPrice>44.90</ItemPrice>
      <UnitOfMeasurePrice>5.99</UnitOfMeasurePrice>
      <AllowDiscount>1</AllowDiscount>
      <ItemStatus>1</ItemStatus>
    </Item>
    <Item>
      <PriceUpdateDate>2023-07-11 13:12</PriceUpdateDate>
      <ItemCode>7290003229109</ItemCode>
      <ItemType>1</ItemType>
      <ItemName>פסטרמה בפפריקה 400 גרםטירת צבי</ItemName>
      <ManufacturerName>לא ידוע</ManufacturerName>
      <ManufactureCountry>לא ידוע</ManufactureCountry>
      <ManufacturerItemDescription>פסטרמה בפפריקה 400 ג</ManufacturerItemDescription>
      <UnitQty>גרמים</UnitQty>
      <Quantity>400.00</Quantity>
      <bIsWeighted>0</bIsWeighted>
      <UnitOfMeasure>100 גרם</UnitOfMeasure>
      <QtyInPackage>1</QtyInPackage>
      <ItemPrice>34.90</ItemPrice>
      <UnitOfMeasurePrice>8.73</UnitOfMeasurePrice>
      <AllowDiscount>1</AllowDiscount>
      <ItemStatus>1</ItemStatus>
    </Item>
    <Item>
      <PriceUpdateDate>2023-07-11 13:11</PriceUpdateDate>
      <ItemCode>7290003229116</ItemCode>
      <ItemType>1</ItemType>
      <ItemName>פסטרמה בדבש 400 גרםטירת צבי</ItemName>
      <ManufacturerName>לא ידוע</ManufacturerName>
      <ManufactureCountry>לא ידוע</ManufactureCountry>
      <ManufacturerItemDescription>פסטרמה בדבש 400 גרם </ManufacturerItemDescription>
      <UnitQty>גרמים</UnitQty>
      <Quantity>400.00</Quantity>
      <bIsWeighted>0</bIsWeighted>
      <UnitOfMeasure>100 גרם</UnitOfMeasure>
      <QtyInPackage>1</QtyInPackage>
      <ItemPrice>34.90</ItemPrice>
      <UnitOfMeasurePrice>8.73</UnitOfMeasurePrice>
      <AllowDiscount>1</AllowDiscount>
      <ItemStatus>1</ItemStatus>
    </Item>
    <Item>
      <PriceUpdateDate>2023-07-11 13:11</PriceUpdateDate>
      <ItemCode>7290003229123</ItemCode>
      <ItemType>1</ItemType>
      <ItemName>פסטרמה על גחלים 400 גרםטירת צבי</ItemName>
      <ManufacturerName>לא ידוע</ManufacturerName>
      <ManufactureCountry>לא ידוע</ManufactureCountry>
      <ManufacturerItemDescription>פסטרמה על גחלים     </ManufacturerItemDescription>
      <UnitQty>גרמים</UnitQty>
      <Quantity>400.00</Quantity>
      <bIsWeighted>0</bIsWeighted>
      <UnitOfMeasure>100 גרם</UnitOfMeasure>
      <QtyInPackage>1</QtyInPackage>
      <ItemPrice>34.90</ItemPrice>
      <UnitOfMeasurePrice>8.73</UnitOfMeasurePrice>
      <AllowDiscount>1</AllowDiscount>
      <ItemStatus>1</ItemStatus>
    </Item>
    <Item>
      <PriceUpdateDate>2023-07-11 13:11</PriceUpdateDate>
      <ItemCode>7290003229192</ItemCode>
      <ItemType>1</ItemType>
      <ItemName>כתף בקר מעושן 400 גרםטירת צבי</ItemName>
      <ManufacturerName>לא ידוע</ManufacturerName>
      <ManufactureCountry>לא ידוע</ManufactureCountry>
      <ManufacturerItemDescription>כתף בקר מעושן 400 גר</ManufacturerItemDescription>
      <UnitQty>גרמים</UnitQty>
      <Quantity>400.00</Quantity>
      <bIsWeighted>0</bIsWeighted>
      <UnitOfMeasure>100 גרם</UnitOfMeasure>
      <QtyInPackage>1</QtyInPackage>
      <ItemPrice>37.90</ItemPrice>
      <UnitOfMeasurePrice>9.48</UnitOfMeasurePrice>
      <AllowDiscount>1</AllowDiscount>
      <ItemStatus>1</ItemStatus>
    </Item>
    <Item>
      <PriceUpdateDate>2025-08-13 14:51</PriceUpdateDate>
      <ItemCode>7290003229215</ItemCode>
      <ItemType>1</ItemType>
      <ItemName>פסטרמה איטלקית 360 גרטירת צבי</ItemName>
      <ManufacturerName>לא ידוע</ManufacturerName>
      <ManufactureCountry>לא ידוע</ManufactureCountry>
      <ManufacturerItemDescription>פסטרמה איטלקית 360 ג</ManufacturerItemDescription>
      <UnitQty>גרמים</UnitQty>
      <Quantity>360.00</Quantity>
      <bIsWeighted>0</bIsWeighted>
      <UnitOfMeasure>100 גרם</UnitOfMeasure>
      <QtyInPackage>1</QtyInPackage>
      <ItemPrice>35.90</ItemPrice>
      <UnitOfMeasurePrice>9.97</UnitOfMeasurePrice>
      <AllowDiscount>1</AllowDiscount>
      <ItemStatus>1</ItemStatus>
    </Item>
    <Item>
      <PriceUpdateDate>2025-03-20 09:58</PriceUpdateDate>
      <ItemCode>7290003310555</ItemCode>
      <ItemType>1</ItemType>
      <ItemName>מאגדת טילון קרם עוגיות בן&amp;גריס *4</ItemName>
      <ManufacturerName>לא ידוע</ManufacturerName>
      <ManufactureCountry>לא ידוע</ManufactureCountry>
      <ManufacturerItemDescription>רביעית טילונים קרם ע</ManufacturerItemDescription>
      <UnitQty>Unknown</UnitQty>
      <Quantity>0.00</Quantity>
      <bIsWeighted>0</bIsWeighted>
      <UnitOfMeasure>Unknown</UnitOfMeasure>
      <QtyInPackage>1</QtyInPackage>
      <ItemPrice>37.90</ItemPrice>
      <UnitOfMeasurePrice>37.90</UnitOfMeasurePrice>
      <AllowDiscount>1</AllowDiscount>
      <ItemStatus>1</ItemStatus>
    </Item>
    <Item>
      <PriceUpdateDate>2025-08-31 14:45</PriceUpdateDate>
      <ItemCode>7290003321155</ItemCode>
      <ItemType>1</ItemType>
      <ItemName>דנונה בר פקאן 183 גר</ItemName>
      <ManufacturerName>לא ידוע</ManufacturerName>
      <ManufactureCountry>לא ידוע</ManufactureCountry>
      <ManufacturerItemDescription>דנונה בר פקאן 183 גר</ManufacturerItemDescription>
      <UnitQty>גרמים</UnitQty>
      <Quantity>183.00</Quantity>
      <bIsWeighted>0</bIsWeighted>
      <UnitOfMeasure>100 גרם</UnitOfMeasure>
      <QtyInPackage>1</QtyInPackage>
      <ItemPrice>5.60</ItemPrice>
      <UnitOfMeasurePrice>3.06</UnitOfMeasurePrice>
      <AllowDiscount>1</AllowDiscount>
      <ItemStatus>1</ItemStatus>
    </Item>
    <Item>
      <PriceUpdateDate>2025-03-11 08:09</PriceUpdateDate>
      <ItemCode>7290003361540</ItemCode>
      <ItemType>1</ItemType>
      <ItemName>בסגנון געפילטעפיש בעל"ז</ItemName>
      <ManufacturerName>לא ידוע</ManufacturerName>
      <ManufactureCountry>לא ידוע</ManufactureCountry>
      <ManufacturerItemDescription>בסגנון געפילטעפיש בע</ManufacturerItemDescription>
      <UnitQty>גרמים</UnitQty>
      <Quantity>560.00</Quantity>
      <bIsWeighted>0</bIsWeighted>
      <UnitOfMeasure>100 גרם</UnitOfMeasure>
      <QtyInPackage>1</QtyInPackage>
      <ItemPrice>17.50</ItemPrice>
      <UnitOfMeasurePrice>3.13</UnitOfMeasurePrice>
      <AllowDiscount>1</AllowDiscount>
      <ItemStatus>1</ItemStatus>
    </Item>
    <Item>
      <PriceUpdateDate>2025-10-06 08:06</PriceUpdateDate>
      <ItemCode>7290003402809</ItemCode>
      <ItemType>1</ItemType>
      <ItemName>חטיף הרשי ריזס שוקולד לבן 39 גר</ItemName>
      <ManufacturerName>לא ידוע</ManufacturerName>
      <ManufactureCountry>ארה"ב</ManufactureCountry>
      <ManufacturerItemDescription>חטיף הרשי ריזס שוקול</ManufacturerItemDescription>
      <UnitQty>גרמים</UnitQty>
      <Quantity>39.00</Quantity>
      <bIsWeighted>0</bIsWeighted>
      <UnitOfMeasure>100 גרם</UnitOfMeasure>
      <QtyInPackage>1</QtyInPackage>
      <ItemPrice>7.90</ItemPrice>
      <UnitOfMeasurePrice>20.26</UnitOfMeasurePrice>
      <AllowDiscount>1</AllowDiscount>
      <ItemStatus>1</ItemStatus>
    </Item>
    <Item>
      <PriceUpdateDate>2025-01-23 07:41</PriceUpdateDate>
      <ItemCode>7290003438006</ItemCode>
      <ItemType>1</ItemType>
      <ItemName>ממרח פסטו איטלקי אוליביה 180 גרם</ItemName>
      <ManufacturerName>לא ידוע</ManufacturerName>
      <ManufactureCountry>לא ידוע</ManufactureCountry>
      <ManufacturerItemDescription>ממרח פסטו איטלקי    </ManufacturerItemDescription>
      <UnitQty>גרמים</UnitQty>
      <Quantity>180.00</Quantity>
      <bIsWeighted>0</bIsWeighted>
      <UnitOfMeasure>100 גרם</UnitOfMeasure>
      <QtyInPackage>1</QtyInPackage>
      <ItemPrice>17.50</ItemPrice>
      <UnitOfMeasurePrice>9.72</UnitOfMeasurePrice>
      <AllowDiscount>1</AllowDiscount>
      <ItemStatus>1</ItemStatus>
    </Item>
    <Item>
      <PriceUpdateDate>2025-10-06 08:06</PriceUpdateDate>
      <ItemCode>7290003444009</ItemCode>
      <ItemType>1</ItemType>
      <ItemName>חטיף הרשי ריזס שוקולד חלב  42 גר</ItemName>
      <ManufacturerName>לא ידוע</ManufacturerName>
      <ManufactureCountry>לא ידוע</ManufactureCountry>
      <ManufacturerItemDescription>חטיף הרשי ריזס שוקול</ManufacturerItemDescription>
      <UnitQty>גרמים</UnitQty>
      <Quantity>42.00</Quantity>
      <bIsWeighted>0</bIsWeighted>
      <UnitOfMeasure>100 גרם</UnitOfMeasure>
      <QtyInPackage>1</QtyInPackage>
      <ItemPrice>7.90</ItemPrice>
      <UnitOfMeasurePrice>18.81</UnitOfMeasurePrice>
      <AllowDiscount>1</AllowDiscount>
      <ItemStatus>1</ItemStatus>
    </Item>
    <Item>
      <PriceUpdateDate>2023-06-11 09:53</PriceUpdateDate>
      <ItemCode>7290003450602</ItemCode>
      <ItemType>1</ItemType>
      <ItemName>חרדל היינץ לחיץ 255 גרם</ItemName>
      <ManufacturerName>לא ידוע</ManufacturerName>
      <ManufactureCountry>לא ידוע</ManufactureCountry>
      <ManufacturerItemDescription>ממרח חרדל צהוב היינץ</ManufacturerItemDescription>
      <UnitQty>גרמים</UnitQty>
      <Quantity>255.00</Quantity>
      <bIsWeighted>0</bIsWeighted>
      <UnitOfMeasure>100 גרם</UnitOfMeasure>
      <QtyInPackage>1</QtyInPackage>
      <ItemPrice>14.90</ItemPrice>
      <UnitOfMeasurePrice>5.84</UnitOfMeasurePrice>
      <AllowDiscount>1</AllowDiscount>
      <ItemStatus>1</ItemStatus>
    </Item>
    <Item>
      <PriceUpdateDate>2024-12-02 15:19</PriceUpdateDate>
      <ItemCode>7290003520572</ItemCode>
      <ItemType>1</ItemType>
      <ItemName>מטריות שישייה עץ חרוב 54 גרם</ItemName>
      <ManufacturerName>לא ידוע</ManufacturerName>
      <ManufactureCountry>לא ידוע</ManufactureCountry>
      <ManufacturerItemDescription>מטריות שישייה עץ חרו</ManufacturerItemDescription>
      <UnitQty>גרמים</UnitQty>
      <Quantity>54.00</Quantity>
      <bIsWeighted>0</bIsWeighted>
      <UnitOfMeasure>100 גרם</UnitOfMeasure>
      <QtyInPackage>1</QtyInPackage>
      <ItemPrice>20.90</ItemPrice>
      <UnitOfMeasurePrice>38.70</UnitOfMeasurePrice>
      <AllowDiscount>1</AllowDiscount>
      <ItemStatus>1</ItemStatus>
    </Item>
    <Item>
      <PriceUpdateDate>2024-07-31 14:49</PriceUpdateDate>
      <ItemCode>7290003570171</ItemCode>
      <ItemType>1</ItemType>
      <ItemName>מינוט שניצל 300 גרם</ItemName>
      <ManufacturerName>לא ידוע</ManufacturerName>
      <ManufactureCountry>לא ידוע</ManufactureCountry>
      <ManufacturerItemDescription>מינוט שניצל 300 גרם </ManufacturerItemDescription>
      <UnitQty>גרמים</UnitQty>
      <Quantity>300.00</Quantity>
      <bIsWeighted>0</bIsWeighted>
      <UnitOfMeasure>100 גרם</UnitOfMeasure>
      <QtyInPackage>1</QtyInPackage>
      <ItemPrice>31.90</ItemPrice>
      <UnitOfMeasurePrice>10.63</UnitOfMeasurePrice>
      <AllowDiscount>1</AllowDiscount>
      <ItemStatus>1</ItemStatus>
    </Item>
    <Item>
      <PriceUpdateDate>2025-03-11 08:22</PriceUpdateDate>
      <ItemCode>7290003570928</ItemCode>
      <ItemType>1</ItemType>
      <ItemName>קבב 500 גרם</ItemName>
      <ManufacturerName>לא ידוע</ManufacturerName>
      <ManufactureCountry>לא ידוע</ManufactureCountry>
      <ManufacturerItemDescription>קבב קפוא בלדי  500 ג</ManufacturerItemDescription>
      <UnitQty>גרמים</UnitQty>
      <Quantity>500.00</Quantity>
      <bIsWeighted>0</bIsWeighted>
      <UnitOfMeasure>100 גרם</UnitOfMeasure>
      <QtyInPackage>1</QtyInPackage>
      <ItemPrice>36.90</ItemPrice>
      <UnitOfMeasurePrice>7.38</UnitOfMeasurePrice>
      <AllowDiscount>1</AllowDiscount>
      <ItemStatus>1</ItemStatus>
    </Item>
    <Item>
      <PriceUpdateDate>2023-01-23 15:59</PriceUpdateDate>
      <ItemCode>7290003578061</ItemCode>
      <ItemType>1</ItemType>
      <ItemName>לבבות דקל שלם 400 גרם</ItemName>
      <ManufacturerName>לא ידוע</ManufacturerName>
      <ManufactureCountry>לא ידוע</ManufactureCountry>
      <ManufacturerItemDescription>לבבות דקל שלם 400 גר</ManufacturerItemDescription>
      <UnitQty>גרמים</UnitQty>
      <Quantity>400.00</Quantity>
      <bIsWeighted>0</bIsWeighted>
      <UnitOfMeasure>100 גרם</UnitOfMeasure>
      <QtyInPackage>1</QtyInPackage>
      <ItemPrice>13.90</ItemPrice>
      <UnitOfMeasurePrice>3.48</UnitOfMeasurePrice>
      <AllowDiscount>1</AllowDiscount>
      <ItemStatus>1</ItemStatus>
    </Item>
    <Item>
      <PriceUpdateDate>2023-01-18 17:15</PriceUpdateDate>
      <ItemCode>7290003578177</ItemCode>
      <ItemType>1</ItemType>
      <ItemName>תירס גמדי צעיר שלם 410 גרם</ItemName>
      <ManufacturerName>לא ידוע</ManufacturerName>
      <ManufactureCountry>לא ידוע</ManufactureCountry>
      <ManufacturerItemDescription>תירס גמדי צעיר שלם 4</ManufacturerItemDescription>
      <UnitQty>גרמים</UnitQty>
      <Quantity>410.00</Quantity>
      <bIsWeighted>0</bIsWeighted>
      <UnitOfMeasure>100 גרם</UnitOfMeasure>
      <QtyInPackage>1</QtyInPackage>
      <ItemPrice>8.90</ItemPrice>
      <UnitOfMeasurePrice>2.17</UnitOfMeasurePrice>
      <AllowDiscount>1</AllowDiscount>
      <ItemStatus>1</ItemStatus>
    </Item>
    <Item>
      <PriceUpdateDate>2025-01-23 07:41</PriceUpdateDate>
      <ItemCode>7290003598311</ItemCode>
      <ItemType>1</ItemType>
      <ItemName>מינוט סטייק 300 גרם קפוא</ItemName>
      <ManufacturerName>לא ידוע</ManufacturerName>
      <ManufactureCountry>ישראל</ManufactureCountry>
      <ManufacturerItemDescription>מינוט סטייק 300 גרם </ManufacturerItemDescription>
      <UnitQty>גרמים</UnitQty>
      <Quantity>300.00</Quantity>
      <bIsWeighted>0</bIsWeighted>
      <UnitOfMeasure>100 גרם</UnitOfMeasure>
      <QtyInPackage>1</QtyInPackage>
      <ItemPrice>36.90</ItemPrice>
      <UnitOfMeasurePrice>12.30</UnitOfMeasurePrice>
      <AllowDiscount>1</AllowDiscount>
      <ItemStatus>1</ItemStatus>
    </Item>
    <Item>
      <PriceUpdateDate>2023-07-10 17:16</PriceUpdateDate>
      <ItemCode>7290003643004</ItemCode>
      <ItemType>1</ItemType>
      <ItemName>אורז בסמטי 1 ק"ג</ItemName>
      <ManufacturerName>לא ידוע</ManufacturerName>
      <ManufactureCountry>לא ידוע</ManufactureCountry>
      <ManufacturerItemDescription>אורז בסמטי 1 ק"ג    </ManufacturerItemDescription>
      <UnitQty>גרמים</UnitQty>
      <Quantity>1000.00</Quantity>
      <bIsWeighted>0</bIsWeighted>
      <UnitOfMeasure>100 גרם</UnitOfMeasure>
      <QtyInPackage>1</QtyInPackage>
      <ItemPrice>15.90</ItemPrice>
      <UnitOfMeasurePrice>1.59</UnitOfMeasurePrice>
      <AllowDiscount>1</AllowDiscount>
      <ItemStatus>1</ItemStatus>
    </Item>
    <Item>
      <PriceUpdateDate>2024-02-04 10:52</PriceUpdateDate>
      <ItemCode>7290003643387</ItemCode>
      <ItemType>1</ItemType>
      <ItemName>סוכר לבן בצנצנת 1 קג</ItemName>
      <ManufacturerName>לא ידוע</ManufacturerName>
      <ManufactureCountry>לא ידוע</ManufactureCountry>
      <ManufacturerItemDescription>סוכר לבן בצנצנת 1 ק"</ManufacturerItemDescription>
      <UnitQty>גרמים</UnitQty>
      <Quantity>1000.00</Quantity>
      <bIsWeighted>0</bIsWeighted>
      <UnitOfMeasure>100 גרם</UnitOfMeasure>
      <QtyInPackage>1</QtyInPackage>
      <ItemPrice>12.90</ItemPrice>
      <UnitOfMeasurePrice>1.29</UnitOfMeasurePrice>
      <AllowDiscount>1</AllowDiscount>
      <ItemStatus>1</ItemStatus>
    </Item>
    <Item>
      <PriceUpdateDate>2024-02-04 10:57</PriceUpdateDate>
      <ItemCode>7290003643646</ItemCode>
      <ItemType>1</ItemType>
      <ItemName>סוכר חום דמררה צנצנת 1 ק"ג</ItemName>
      <ManufacturerName>לא ידוע</ManufacturerName>
      <ManufactureCountry>לא ידוע</ManufactureCountry>
      <ManufacturerItemDescription>סוכר חום דמררה צנצנת</ManufacturerItemDescription>
      <UnitQty>גרמים</UnitQty>
      <Quantity>1000.00</Quantity>
      <bIsWeighted>0</bIsWeighted>
      <UnitOfMeasure>100 גרם</UnitOfMeasure>
      <QtyInPackage>1</QtyInPackage>
      <ItemPrice>16.90</ItemPrice>
      <UnitOfMeasurePrice>1.69</UnitOfMeasurePrice>
      <AllowDiscount>1</AllowDiscount>
      <ItemStatus>1</ItemStatus>
    </Item>
    <Item>
      <PriceUpdateDate>2025-03-25 07:01</PriceUpdateDate>
      <ItemCode>7290003643684</ItemCode>
      <ItemType>1</ItemType>
      <ItemName>אפונה 500 גרם</ItemName>
      <ManufacturerName>לא ידוע</ManufacturerName>
      <ManufactureCountry>לא ידוע</ManufactureCountry>
      <ManufacturerItemDescription>אפונה 500 גרם       </ManufacturerItemDescription>
      <UnitQty>גרמים</UnitQty>
      <Quantity>500.00</Quantity>
      <bIsWeighted>0</bIsWeighted>
      <UnitOfMeasure>100 גרם</UnitOfMeasure>
      <QtyInPackage>1</QtyInPackage>
      <ItemPrice>7.90</ItemPrice>
      <UnitOfMeasurePrice>1.58</UnitOfMeasurePrice>
      <AllowDiscount>1</AllowDiscount>
      <ItemStatus>1</ItemStatus>
    </Item>
    <Item>
      <PriceUpdateDate>2025-05-23 08:05</PriceUpdateDate>
      <ItemCode>7290003643714</ItemCode>
      <ItemType>1</ItemType>
      <ItemName>חומוס 500 גרם</ItemName>
      <ManufacturerName>לא ידוע</ManufacturerName>
      <ManufactureCountry>לא ידוע</ManufactureCountry>
      <ManufacturerItemDescription>חומוס 500 גרם       </ManufacturerItemDescription>
      <UnitQty>גרמים</UnitQty>
      <Quantity>500.00</Quantity>
      <bIsWeighted>0</bIsWeighted>
      <UnitOfMeasure>100 גרם</UnitOfMeasure>
      <QtyInPackage>1</QtyInPackage>
      <ItemPrice>10.90</ItemPrice>
      <UnitOfMeasurePrice>2.18</UnitOfMeasurePrice>
      <AllowDiscount>1</AllowDiscount>
      <ItemStatus>1</ItemStatus>
    </Item>
    <Item>
      <PriceUpdateDate>2025-05-23 08:04</PriceUpdateDate>
      <ItemCode>7290003643738</ItemCode>
      <ItemType>1</ItemType>
      <ItemName>חיטה 500 גרם</ItemName>
      <ManufacturerName>לא ידוע</ManufacturerName>
      <ManufactureCountry>לא ידוע</ManufactureCountry>
      <ManufacturerItemDescription>חיטה 500 גרם        </ManufacturerItemDescription>
      <UnitQty>גרמים</UnitQty>
      <Quantity>500.00</Quantity>
      <bIsWeighted>0</bIsWeighted>
      <UnitOfMeasure>100 גרם</UnitOfMeasure>
      <QtyInPackage>1</QtyInPackage>
      <ItemPrice>7.50</ItemPrice>
      <UnitOfMeasurePrice>1.50</UnitOfMeasurePrice>
      <AllowDiscount>1</AllowDiscount>
      <ItemStatus>1</ItemStatus>
    </Item>
    <Item>
      <PriceUpdateDate>2025-09-05 09:14</PriceUpdateDate>
      <ItemCode>7290003643745</ItemCode>
      <ItemType>1</ItemType>
      <ItemName>כוסמת 500 גרם</ItemName>
      <ManufacturerName>לא ידוע</ManufacturerName>
      <ManufactureCountry>לא ידוע</ManufactureCountry>
      <ManufacturerItemDescription>כוסמת 500 גרם       </ManufacturerItemDescription>
      <UnitQty>גרמים</UnitQty>
      <Quantity>500.00</Quantity>
      <bIsWeighted>0</bIsWeighted>
      <UnitOfMeasure>100 גרם</UnitOfMeasure>
      <QtyInPackage>1</QtyInPackage>
      <ItemPrice>9.90</ItemPrice>
      <UnitOfMeasurePrice>1.98</UnitOfMeasurePrice>
      <AllowDiscount>1</AllowDiscount>
      <ItemStatus>1</ItemStatus>
    </Item>
    <Item>
      <PriceUpdateDate>2025-03-25 07:01</PriceUpdateDate>
      <ItemCode>7290003643752</ItemCode>
      <ItemType>1</ItemType>
      <ItemName>עדשים ירוקים 500 גרם</ItemName>
      <ManufacturerName>לא ידוע</ManufacturerName>
      <ManufactureCountry>לא ידוע</ManufactureCountry>
      <ManufacturerItemDescription>עדשים ירוקים 500 גרם</ManufacturerItemDescription>
      <UnitQty>גרמים</UnitQty>
      <Quantity>500.00</Quantity>
      <bIsWeighted>0</bIsWeighted>
      <UnitOfMeasure>100 גרם</UnitOfMeasure>
      <QtyInPackage>1</QtyInPackage>
      <ItemPrice>12.10</ItemPrice>
      <UnitOfMeasurePrice>2.42</UnitOfMeasurePrice>
      <AllowDiscount>1</AllowDiscount>
      <ItemStatus>1</ItemStatus>
    </Item>
    <Item>
      <PriceUpdateDate>2025-03-25 07:01</PriceUpdateDate>
      <ItemCode>7290003643769</ItemCode>
      <ItemType>1</ItemType>
      <ItemName>עדשים אדומים 500 גרם</ItemName>
      <ManufacturerName>לא ידוע</ManufacturerName>
      <ManufactureCountry>לא ידוע</ManufactureCountry>
      <ManufacturerItemDescription>עדשים אדומים 500 גרם</ManufacturerItemDescription>
      <UnitQty>גרמים</UnitQty>
      <Quantity>500.00</Quantity>
      <bIsWeighted>0</bIsWeighted>
      <UnitOfMeasure>100 גרם</UnitOfMeasure>
      <QtyInPackage>1</QtyInPackage>
      <ItemPrice>12.10</ItemPrice>
      <UnitOfMeasurePrice>2.42</UnitOfMeasurePrice>
      <AllowDiscount>1</AllowDiscount>
      <ItemStatus>1</ItemStatus>
    </Item>
    <Item>
      <PriceUpdateDate>2025-05-23 08:04</PriceUpdateDate>
      <ItemCode>7290003643776</ItemCode>
      <ItemType>1</ItemType>
      <ItemName>פופקורן 500 גרם</ItemName>
      <ManufacturerName>לא ידוע</ManufacturerName>
      <ManufactureCountry>לא ידוע</ManufactureCountry>
      <ManufacturerItemDescription>פופקורן 500 גרם     </ManufacturerItemDescription>
      <UnitQty>גרמים</UnitQty>
      <Quantity>500.00</Quantity>
      <bIsWeighted>0</bIsWeighted>
      <UnitOfMeasure>100 גרם</UnitOfMeasure>
      <QtyInPackage>1</QtyInPackage>
      <ItemPrice>7.90</ItemPrice>
      <UnitOfMeasurePrice>1.58</UnitOfMeasurePrice>
      <AllowDiscount>1</AllowDiscount>
      <ItemStatus>1</ItemStatus>
    </Item>
    <Item>
      <PriceUpdateDate>2025-03-20 12:20</PriceUpdateDate>
      <ItemCode>7290003643806</ItemCode>
      <ItemType>1</ItemType>
      <ItemName>שעועית לבנה 500 גרם</ItemName>
      <ManufacturerName>לא ידוע</ManufacturerName>
      <ManufactureCountry>לא ידוע</ManufactureCountry>
      <ManufacturerItemDescription>שעועית לבנה 500 גרם </ManufacturerItemDescription>
      <UnitQty>גרמים</UnitQty>
      <Quantity>500.00</Quantity>
      <bIsWeighted>0</bIsWeighted>
      <UnitOfMeasure>100 גרם</UnitOfMeasure>
      <QtyInPackage>1</QtyInPackage>
      <ItemPrice>15.20</ItemPrice>
      <UnitOfMeasurePrice>3.04</UnitOfMeasurePrice>
      <AllowDiscount>1</AllowDiscount>
      <ItemStatus>1</ItemStatus>
    </Item>
    <Item>
      <PriceUpdateDate>2025-03-25 06:55</PriceUpdateDate>
      <ItemCode>7290003643813</ItemCode>
      <ItemType>1</ItemType>
      <ItemName>שעועית אדומה 500 גרם</ItemName>
      <ManufacturerName>לא ידוע</ManufacturerName>
      <ManufactureCountry>לא ידוע</ManufactureCountry>
      <ManufacturerItemDescription>שעועית אדומה 500 גרם</ManufacturerItemDescription>
      <UnitQty>גרמים</UnitQty>
      <Quantity>500.00</Quantity>
      <bIsWeighted>0</bIsWeighted>
      <UnitOfMeasure>100 גרם</UnitOfMeasure>
      <QtyInPackage>1</QtyInPackage>
      <ItemPrice>16.50</ItemPrice>
      <UnitOfMeasurePrice>3.30</UnitOfMeasurePrice>
      <AllowDiscount>1</AllowDiscount>
      <ItemStatus>1</ItemStatus>
    </Item>
    <Item>
      <PriceUpdateDate>2025-06-06 05:55</PriceUpdateDate>
      <ItemCode>7290003726141</ItemCode>
      <ItemType>1</ItemType>
      <ItemName>טופו משק גאיה 300 גר</ItemName>
      <ManufacturerName>לא ידוע</ManufacturerName>
      <ManufactureCountry>ישראל</ManufactureCountry>
      <ManufacturerItemDescription>טופו טבעי 300 גר    </ManufacturerItemDescription>
      <UnitQty>גרמים</UnitQty>
      <Quantity>300.00</Quantity>
      <bIsWeighted>0</bIsWeighted>
      <UnitOfMeasure>100 גרם</UnitOfMeasure>
      <QtyInPackage>1</QtyInPackage>
      <ItemPrice>16.30</ItemPrice>
      <UnitOfMeasurePrice>5.43</UnitOfMeasurePrice>
      <AllowDiscount>1</AllowDiscount>
      <ItemStatus>1</ItemStatus>
    </Item>
    <Item>
      <PriceUpdateDate>2023-03-24 14:44</PriceUpdateDate>
      <ItemCode>7290003726615</ItemCode>
      <ItemType>1</ItemType>
      <ItemName>טופו וילר 300 גר</ItemName>
      <ManufacturerName>לא ידוע</ManufacturerName>
      <ManufactureCountry />
      <ManufacturerItemDescription>טופו וילר 300 גר    </ManufacturerItemDescription>
      <UnitQty>גרמים</UnitQty>
      <Quantity>300.00</Quantity>
      <bIsWeighted>0</bIsWeighted>
      <UnitOfMeasure>100 גרם</UnitOfMeasure>
      <QtyInPackage>1</QtyInPackage>
      <ItemPrice>14.90</ItemPrice>
      <UnitOfMeasurePrice>4.97</UnitOfMeasurePrice>
      <AllowDiscount>1</AllowDiscount>
      <ItemStatus>1</ItemStatus>
    </Item>
    <Item>
      <PriceUpdateDate>2025-02-27 11:09</PriceUpdateDate>
      <ItemCode>7290003779086</ItemCode>
      <ItemType>1</ItemType>
      <ItemName>סלרי ראש</ItemName>
      <ManufacturerName>לא ידוע</ManufacturerName>
      <ManufactureCountry>לא ידוע</ManufactureCountry>
      <ManufacturerItemDescription>סלרי ראש            </ManufacturerItemDescription>
      <UnitQty>Unknown</UnitQty>
      <Quantity>0.00</Quantity>
      <bIsWeighted>0</bIsWeighted>
      <UnitOfMeasure>Unknown</UnitOfMeasure>
      <QtyInPackage>1</QtyInPackage>
      <ItemPrice>7.90</ItemPrice>
      <UnitOfMeasurePrice>7.90</UnitOfMeasurePrice>
      <AllowDiscount>1</AllowDiscount>
      <ItemStatus>1</ItemStatus>
    </Item>
    <Item>
      <PriceUpdateDate>2025-02-27 11:09</PriceUpdateDate>
      <ItemCode>7290003779093</ItemCode>
      <ItemType>1</ItemType>
      <ItemName>סלרי עלים</ItemName>
      <ManufacturerName>לא ידוע</ManufacturerName>
      <ManufactureCountry>לא ידוע</ManufactureCountry>
      <ManufacturerItemDescription>סלרי עלים           </ManufacturerItemDescription>
      <UnitQty>Unknown</UnitQty>
      <Quantity>0.00</Quantity>
      <bIsWeighted>0</bIsWeighted>
      <UnitOfMeasure>Unknown</UnitOfMeasure>
      <QtyInPackage>1</QtyInPackage>
      <ItemPrice>7.90</ItemPrice>
      <UnitOfMeasurePrice>7.90</UnitOfMeasurePrice>
      <AllowDiscount>1</AllowDiscount>
      <ItemStatus>1</ItemStatus>
    </Item>
    <Item>
      <PriceUpdateDate>2024-12-09 20:23</PriceUpdateDate>
      <ItemCode>7290003781065</ItemCode>
      <ItemType>1</ItemType>
      <ItemName>מלפפונים בסגנון צרפת</ItemName>
      <ManufacturerName>לא ידוע</ManufacturerName>
      <ManufactureCountry>ויאטנם</ManufactureCountry>
      <ManufacturerItemDescription>מלפפונים בסגנון צרפת</ManufacturerItemDescription>
      <UnitQty>ליטרים</UnitQty>
      <Quantity>0.68</Quantity>
      <bIsWeighted>0</bIsWeighted>
      <UnitOfMeasure>ליטר</UnitOfMeasure>
      <QtyInPackage>1</QtyInPackage>
      <ItemPrice>12.90</ItemPrice>
      <UnitOfMeasurePrice>18.97</UnitOfMeasurePrice>
      <AllowDiscount>1</AllowDiscount>
      <ItemStatus>1</ItemStatus>
    </Item>
    <Item>
      <PriceUpdateDate>2025-06-06 05:56</PriceUpdateDate>
      <ItemCode>7290003805501</ItemCode>
      <ItemType>1</ItemType>
      <ItemName>פתית שוודי חסכוני בד"צ 300 גרם</ItemName>
      <ManufacturerName>לא ידוע</ManufacturerName>
      <ManufactureCountry>לא ידוע</ManufactureCountry>
      <ManufacturerItemDescription>פתית שוודי חסכוני בד</ManufacturerItemDescription>
      <UnitQty>גרמים</UnitQty>
      <Quantity>300.00</Quantity>
      <bIsWeighted>0</bIsWeighted>
      <UnitOfMeasure>100 גרם</UnitOfMeasure>
      <QtyInPackage>1</QtyInPackage>
      <ItemPrice>23.90</ItemPrice>
      <UnitOfMeasurePrice>7.97</UnitOfMeasurePrice>
      <AllowDiscount>1</AllowDiscount>
      <ItemStatus>1</ItemStatus>
    </Item>
    <Item>
      <PriceUpdateDate>2025-05-21 08:34</PriceUpdateDate>
      <ItemCode>7290003805587</ItemCode>
      <ItemType>1</ItemType>
      <ItemName>פתית חיטה מלאה בד"צ 250 גרם-קופסא</ItemName>
      <ManufacturerName>לא ידוע</ManufacturerName>
      <ManufactureCountry>לא ידוע</ManufactureCountry>
      <ManufacturerItemDescription>פתית חיטה מלאה בד"צ </ManufacturerItemDescription>
      <UnitQty>גרמים</UnitQty>
      <Quantity>250.00</Quantity>
      <bIsWeighted>0</bIsWeighted>
      <UnitOfMeasure>100 גרם</UnitOfMeasure>
      <QtyInPackage>1</QtyInPackage>
      <ItemPrice>23.90</ItemPrice>
      <UnitOfMeasurePrice>9.56</UnitOfMeasurePrice>
      <AllowDiscount>1</AllowDiscount>
      <ItemStatus>1</ItemStatus>
    </Item>
    <Item>
      <PriceUpdateDate>2025-03-25 06:57</PriceUpdateDate>
      <ItemCode>7290003864478</ItemCode>
      <ItemType>1</ItemType>
      <ItemName>סרדינים בשמן צמחי 100 גרם פתח -קל</ItemName>
      <ManufacturerName>לא ידוע</ManufacturerName>
      <ManufactureCountry>לא ידוע</ManufactureCountry>
      <ManufacturerItemDescription>סרדינים בשמן צמחי 11</ManufacturerItemDescription>
      <UnitQty>גרמים</UnitQty>
      <Quantity>110.00</Quantity>
      <bIsWeighted>0</bIsWeighted>
      <UnitOfMeasure>100 גרם</UnitOfMeasure>
      <QtyInPackage>1</QtyInPackage>
      <ItemPrice>6.00</ItemPrice>
      <UnitOfMeasurePrice>5.45</UnitOfMeasurePrice>
      <AllowDiscount>1</AllowDiscount>
      <ItemStatus>1</ItemStatus>
    </Item>
    <Item>
      <PriceUpdateDate>2024-07-17 08:32</PriceUpdateDate>
      <ItemCode>7290003882922</ItemCode>
      <ItemType>1</ItemType>
      <ItemName>עלי גפן ממולאות באורז 400 גרם</ItemName>
      <ManufacturerName>לא ידוע</ManufacturerName>
      <ManufactureCountry>לא ידוע</ManufactureCountry>
      <ManufacturerItemDescription>עלי גפן ממולאות באור</ManufacturerItemDescription>
      <UnitQty>גרמים</UnitQty>
      <Quantity>400.00</Quantity>
      <bIsWeighted>0</bIsWeighted>
      <UnitOfMeasure>100 גרם</UnitOfMeasure>
      <QtyInPackage>1</QtyInPackage>
      <ItemPrice>15.90</ItemPrice>
      <UnitOfMeasurePrice>3.98</UnitOfMeasurePrice>
      <AllowDiscount>1</AllowDiscount>
      <ItemStatus>1</ItemStatus>
    </Item>
    <Item>
      <PriceUpdateDate>2025-03-25 07:01</PriceUpdateDate>
      <ItemCode>7290003976096</ItemCode>
      <ItemType>1</ItemType>
      <ItemName>אקופרינד-גל כביסה מרוכז 1 ליטר</ItemName>
      <ManufacturerName>לא ידוע</ManufacturerName>
      <ManufactureCountry>לא ידוע</ManufactureCountry>
      <ManufacturerItemDescription>אקופרינד-גל כביסה מר</ManufacturerItemDescription>
      <UnitQty>מיליליטרים</UnitQty>
      <Quantity>1000.00</Quantity>
      <bIsWeighted>0</bIsWeighted>
      <UnitOfMeasure>100 מ"ל</UnitOfMeasure>
      <QtyInPackage>1</QtyInPackage>
      <ItemPrice>27.90</ItemPrice>
      <UnitOfMeasurePrice>2.79</UnitOfMeasurePrice>
      <AllowDiscount>1</AllowDiscount>
      <ItemStatus>1</ItemStatus>
    </Item>
    <Item>
      <PriceUpdateDate>2025-03-25 07:01</PriceUpdateDate>
      <ItemCode>7290003976119</ItemCode>
      <ItemType>1</ItemType>
      <ItemName>אקופרנד נוזל כלים לבנדר ללא 750SLS מל</ItemName>
      <ManufacturerName>לא ידוע</ManufacturerName>
      <ManufactureCountry>לא ידוע</ManufactureCountry>
      <ManufacturerItemDescription>אקופרנד נוזל כלים לב</ManufacturerItemDescription>
      <UnitQty>מיליליטרים</UnitQty>
      <Quantity>750.00</Quantity>
      <bIsWeighted>0</bIsWeighted>
      <UnitOfMeasure>100 מ"ל</UnitOfMeasure>
      <QtyInPackage>1</QtyInPackage>
      <ItemPrice>19.50</ItemPrice>
      <UnitOfMeasurePrice>2.60</UnitOfMeasurePrice>
      <AllowDiscount>1</AllowDiscount>
      <ItemStatus>1</ItemStatus>
    </Item>
    <Item>
      <PriceUpdateDate>2022-05-27 10:29</PriceUpdateDate>
      <ItemCode>7290003989539</ItemCode>
      <ItemType>1</ItemType>
      <ItemName>רביולי גבינה  400 גר</ItemName>
      <ManufacturerName>לא ידוע</ManufacturerName>
      <ManufactureCountry>לא ידוע</ManufactureCountry>
      <ManufacturerItemDescription>רביולי גבינה 400 גר </ManufacturerItemDescription>
      <UnitQty>גרמים</UnitQty>
      <Quantity>400.00</Quantity>
      <bIsWeighted>0</bIsWeighted>
      <UnitOfMeasure>100 גרם</UnitOfMeasure>
      <QtyInPackage>1</QtyInPackage>
      <ItemPrice>23.90</ItemPrice>
      <UnitOfMeasurePrice>5.98</UnitOfMeasurePrice>
      <AllowDiscount>1</AllowDiscount>
      <ItemStatus>1</ItemStatus>
    </Item>
    <Item>
      <PriceUpdateDate>2022-05-27 10:25</PriceUpdateDate>
      <ItemCode>7290003989553</ItemCode>
      <ItemType>1</ItemType>
      <ItemName>טורטוליני פטריות 400גר</ItemName>
      <ManufacturerName>לא ידוע</ManufacturerName>
      <ManufactureCountry>לא ידוע</ManufactureCountry>
      <ManufacturerItemDescription>טורטילני פטריות 400 </ManufacturerItemDescription>
      <UnitQty>גרמים</UnitQty>
      <Quantity>400.00</Quantity>
      <bIsWeighted>0</bIsWeighted>
      <UnitOfMeasure>100 גרם</UnitOfMeasure>
      <QtyInPackage>1</QtyInPackage>
      <ItemPrice>23.90</ItemPrice>
      <UnitOfMeasurePrice>5.98</UnitOfMeasurePrice>
      <AllowDiscount>1</AllowDiscount>
      <ItemStatus>1</ItemStatus>
    </Item>
    <Item>
      <PriceUpdateDate>2025-03-11 08:28</PriceUpdateDate>
      <ItemCode>7290004011338</ItemCode>
      <ItemType>1</ItemType>
      <ItemName>ריץ קצפת במיכל 250 גר חלבי</ItemName>
      <ManufacturerName>לא ידוע</ManufacturerName>
      <ManufactureCountry>לא ידוע</ManufactureCountry>
      <ManufacturerItemDescription>ריץ קצפת במיכל 250 ג</ManufacturerItemDescription>
      <UnitQty>גרמים</UnitQty>
      <Quantity>250.00</Quantity>
      <bIsWeighted>0</bIsWeighted>
      <UnitOfMeasure>100 גרם</UnitOfMeasure>
      <QtyInPackage>1</QtyInPackage>
      <ItemPrice>16.50</ItemPrice>
      <UnitOfMeasurePrice>6.60</UnitOfMeasurePrice>
      <AllowDiscount>1</AllowDiscount>
      <ItemStatus>1</ItemStatus>
    </Item>
    <Item>
      <PriceUpdateDate>2022-05-27 10:25</PriceUpdateDate>
      <ItemCode>7290004011819</ItemCode>
      <ItemType>1</ItemType>
      <ItemName>המבורגר ריב אנט 360 גר</ItemName>
      <ManufacturerName>לא ידוע</ManufacturerName>
      <ManufactureCountry>לא ידוע</ManufactureCountry>
      <ManufacturerItemDescription>המבורגר ריב אנטריקוט</ManufacturerItemDescription>
      <UnitQty>גרמים</UnitQty>
      <Quantity>360.00</Quantity>
      <bIsWeighted>0</bIsWeighted>
      <UnitOfMeasure>100 גרם</UnitOfMeasure>
      <QtyInPackage>1</QtyInPackage>
      <ItemPrice>27.90</ItemPrice>
      <UnitOfMeasurePrice>7.75</UnitOfMeasurePrice>
      <AllowDiscount>1</AllowDiscount>
      <ItemStatus>1</ItemStatus>
    </Item>
    <Item>
      <PriceUpdateDate>2024-01-10 15:30</PriceUpdateDate>
      <ItemCode>7290004030100</ItemCode>
      <ItemType>1</ItemType>
      <ItemName>מיץ תפוזים סחוט ולנסיה 1 ליטר</ItemName>
      <ManufacturerName>לא ידוע</ManufacturerName>
      <ManufactureCountry>לא ידוע</ManufactureCountry>
      <ManufacturerItemDescription>מיץ תפוזים סחוט ולנס</ManufacturerItemDescription>
      <UnitQty>מיליליטרים</UnitQty>
      <Quantity>1000.00</Quantity>
      <bIsWeighted>0</bIsWeighted>
      <UnitOfMeasure>100 מ"ל</UnitOfMeasure>
      <QtyInPackage>1</QtyInPackage>
      <ItemPrice>22.20</ItemPrice>
      <UnitOfMeasurePrice>2.22</UnitOfMeasurePrice>
      <AllowDiscount>1</AllowDiscount>
      <ItemStatus>1</ItemStatus>
    </Item>
    <Item>
      <PriceUpdateDate>2023-06-20 09:06</PriceUpdateDate>
      <ItemCode>7290004030445</ItemCode>
      <ItemType>1</ItemType>
      <ItemName>מיץ תפוזים 1 ליטר</ItemName>
      <ManufacturerName>לא ידוע</ManufacturerName>
      <ManufactureCountry>לא ידוע</ManufactureCountry>
      <ManufacturerItemDescription>מיץ תפוזים 1 ליטר   </ManufacturerItemDescription>
      <UnitQty>מיליליטרים</UnitQty>
      <Quantity>1000.00</Quantity>
      <bIsWeighted>0</bIsWeighted>
      <UnitOfMeasure>100 מ"ל</UnitOfMeasure>
      <QtyInPackage>1</QtyInPackage>
      <ItemPrice>18.90</ItemPrice>
      <UnitOfMeasurePrice>1.89</UnitOfMeasurePrice>
      <AllowDiscount>1</AllowDiscount>
      <ItemStatus>1</ItemStatus>
    </Item>
    <Item>
      <PriceUpdateDate>2025-11-11 21:07</PriceUpdateDate>
      <ItemCode>7290004033361</ItemCode>
      <ItemType>1</ItemType>
      <ItemName>לחמניות עננים ברמן 10 יחידות</ItemName>
      <ManufacturerName>לא ידוע</ManufacturerName>
      <ManufactureCountry>IL</ManufactureCountry>
      <ManufacturerItemDescription>לחמניות עננים ברמן 1</ManufacturerItemDescription>
      <UnitQty>גרמים</UnitQty>
      <Quantity>600.00</Quantity>
      <bIsWeighted>0</bIsWeighted>
      <UnitOfMeasure>100 גרם</UnitOfMeasure>
      <QtyInPackage>1</QtyInPackage>
      <ItemPrice>21.90</ItemPrice>
      <UnitOfMeasurePrice>3.65</UnitOfMeasurePrice>
      <AllowDiscount>1</AllowDiscount>
      <ItemStatus>1</ItemStatus>
    </Item>
    <Item>
      <PriceUpdateDate>2024-05-05 15:08</PriceUpdateDate>
      <ItemCode>7290004033583</ItemCode>
      <ItemType>1</ItemType>
      <ItemName>לחמניות חלומית 4 יחידות</ItemName>
      <ManufacturerName>לא ידוע</ManufacturerName>
      <ManufactureCountry>ישראל</ManufactureCountry>
      <ManufacturerItemDescription>לחמניות חלומית 4 יחי</ManufacturerItemDescription>
      <UnitQty>גרמים</UnitQty>
      <Quantity>360.00</Quantity>
      <bIsWeighted>0</bIsWeighted>
      <UnitOfMeasure>100 גרם</UnitOfMeasure>
      <QtyInPackage>1</QtyInPackage>
      <ItemPrice>15.90</ItemPrice>
      <UnitOfMeasurePrice>4.42</UnitOfMeasurePrice>
      <AllowDiscount>1</AllowDiscount>
      <ItemStatus>1</ItemStatus>
    </Item>
    <Item>
      <PriceUpdateDate>2024-07-14 17:22</PriceUpdateDate>
      <ItemCode>7290004033736</ItemCode>
      <ItemType>1</ItemType>
      <ItemName>לחם עננים בסגנון בריוש 750 גרם</ItemName>
      <ManufacturerName>לא ידוע</ManufacturerName>
      <ManufactureCountry>ישראל</ManufactureCountry>
      <ManufacturerItemDescription>לחם עננים בסגנון ברי</ManufacturerItemDescription>
      <UnitQty>גרמים</UnitQty>
      <Quantity>750.00</Quantity>
      <bIsWeighted>0</bIsWeighted>
      <UnitOfMeasure>100 גרם</UnitOfMeasure>
      <QtyInPackage>1</QtyInPackage>
      <ItemPrice>17.50</ItemPrice>
      <UnitOfMeasurePrice>2.33</UnitOfMeasurePrice>
      <AllowDiscount>1</AllowDiscount>
      <ItemStatus>1</ItemStatus>
    </Item>
    <Item>
      <PriceUpdateDate>2022-11-07 20:52</PriceUpdateDate>
      <ItemCode>7290004033750</ItemCode>
      <ItemType>1</ItemType>
      <ItemName>לחמניות עננים ברמן 360 גרם</ItemName>
      <ManufacturerName>לא ידוע</ManufacturerName>
      <ManufactureCountry />
      <ManufacturerItemDescription>לחמניות עננים ברמן 3</ManufacturerItemDescription>
      <UnitQty>גרמים</UnitQty>
      <Quantity>360.00</Quantity>
      <bIsWeighted>0</bIsWeighted>
      <UnitOfMeasure>100 גרם</UnitOfMeasure>
      <QtyInPackage>1</QtyInPackage>
      <ItemPrice>15.90</ItemPrice>
      <UnitOfMeasurePrice>4.42</UnitOfMeasurePrice>
      <AllowDiscount>1</AllowDiscount>
      <ItemStatus>1</ItemStatus>
    </Item>
    <Item>
      <PriceUpdateDate>2024-11-14 13:03</PriceUpdateDate>
      <ItemCode>7290004050788</ItemCode>
      <ItemType>1</ItemType>
      <ItemName>בייקון 170 גר</ItemName>
      <ManufacturerName>לא ידוע</ManufacturerName>
      <ManufactureCountry>לא ידוע</ManufactureCountry>
      <ManufacturerItemDescription>בייקון 170 גר       </ManufacturerItemDescription>
      <UnitQty>גרמים</UnitQty>
      <Quantity>170.00</Quantity>
      <bIsWeighted>0</bIsWeighted>
      <UnitOfMeasure>100 גרם</UnitOfMeasure>
      <QtyInPackage>1</QtyInPackage>
      <ItemPrice>59.90</ItemPrice>
      <UnitOfMeasurePrice>35.24</UnitOfMeasurePrice>
      <AllowDiscount>1</AllowDiscount>
      <ItemStatus>1</ItemStatus>
    </Item>
    <Item>
      <PriceUpdateDate>2024-11-17 13:15</PriceUpdateDate>
      <ItemCode>7290004050856</ItemCode>
      <ItemType>1</ItemType>
      <ItemName>סלמי מילאנו פרוס 170 גר</ItemName>
      <ManufacturerName>לא ידוע</ManufacturerName>
      <ManufactureCountry>לא ידוע</ManufactureCountry>
      <ManufacturerItemDescription>סלמי מילאנו פרוס 170</ManufacturerItemDescription>
      <UnitQty>גרמים</UnitQty>
      <Quantity>170.00</Quantity>
      <bIsWeighted>0</bIsWeighted>
      <UnitOfMeasure>100 גרם</UnitOfMeasure>
      <QtyInPackage>1</QtyInPackage>
      <ItemPrice>38.90</ItemPrice>
      <UnitOfMeasurePrice>22.88</UnitOfMeasurePrice>
      <AllowDiscount>1</AllowDiscount>
      <ItemStatus>1</ItemStatus>
    </Item>
    <Item>
      <PriceUpdateDate>2024-11-17 13:15</PriceUpdateDate>
      <ItemCode>7290004050863</ItemCode>
      <ItemType>1</ItemType>
      <ItemName>סלמי הרץ 170 גרם מזרע</ItemName>
      <ManufacturerName>לא ידוע</ManufacturerName>
      <ManufactureCountry>IL</ManufactureCountry>
      <ManufacturerItemDescription>סלמי הרץ 170 גרם מזר</ManufacturerItemDescription>
      <UnitQty>גרמים</UnitQty>
      <Quantity>170.00</Quantity>
      <bIsWeighted>0</bIsWeighted>
      <UnitOfMeasure>100 גרם</UnitOfMeasure>
      <QtyInPackage>1</QtyInPackage>
      <ItemPrice>38.90</ItemPrice>
      <UnitOfMeasurePrice>22.88</UnitOfMeasurePrice>
      <AllowDiscount>1</AllowDiscount>
      <ItemStatus>1</ItemStatus>
    </Item>
    <Item>
      <PriceUpdateDate>2024-11-17 13:15</PriceUpdateDate>
      <ItemCode>7290004050870</ItemCode>
      <ItemType>1</ItemType>
      <ItemName>שינקן פולני פרוס 200 גר</ItemName>
      <ManufacturerName>לא ידוע</ManufacturerName>
      <ManufactureCountry>לא ידוע</ManufactureCountry>
      <ManufacturerItemDescription>שינקן פולני פרוס 200</ManufacturerItemDescription>
      <UnitQty>גרמים</UnitQty>
      <Quantity>200.00</Quantity>
      <bIsWeighted>0</bIsWeighted>
      <UnitOfMeasure>100 גרם</UnitOfMeasure>
      <QtyInPackage>1</QtyInPackage>
      <ItemPrice>38.90</ItemPrice>
      <UnitOfMeasurePrice>19.45</UnitOfMeasurePrice>
      <AllowDiscount>1</AllowDiscount>
      <ItemStatus>1</ItemStatus>
    </Item>
    <Item>
      <PriceUpdateDate>2024-11-17 13:15</PriceUpdateDate>
      <ItemCode>7290004050948</ItemCode>
      <ItemType>1</ItemType>
      <ItemName>סלמי כפרית פרוס 170 גר</ItemName>
      <ManufacturerName>לא ידוע</ManufacturerName>
      <ManufactureCountry>לא ידוע</ManufactureCountry>
      <ManufacturerItemDescription>סלמי כפרית פרוס 170 </ManufacturerItemDescription>
      <UnitQty>גרמים</UnitQty>
      <Quantity>170.00</Quantity>
      <bIsWeighted>0</bIsWeighted>
      <UnitOfMeasure>100 גרם</UnitOfMeasure>
      <QtyInPackage>1</QtyInPackage>
      <ItemPrice>42.90</ItemPrice>
      <UnitOfMeasurePrice>25.24</UnitOfMeasurePrice>
      <AllowDiscount>1</AllowDiscount>
      <ItemStatus>1</ItemStatus>
    </Item>
    <Item>
      <PriceUpdateDate>2024-11-17 13:15</PriceUpdateDate>
      <ItemCode>7290004050955</ItemCode>
      <ItemType>1</ItemType>
      <ItemName>פטה כבד עוף 170 גר</ItemName>
      <ManufacturerName>לא ידוע</ManufacturerName>
      <ManufactureCountry>לא ידוע</ManufactureCountry>
      <ManufacturerItemDescription>פטה כבד עוף 170 גר  </ManufacturerItemDescription>
      <UnitQty>גרמים</UnitQty>
      <Quantity>170.00</Quantity>
      <bIsWeighted>0</bIsWeighted>
      <UnitOfMeasure>100 גרם</UnitOfMeasure>
      <QtyInPackage>1</QtyInPackage>
      <ItemPrice>20.90</ItemPrice>
      <UnitOfMeasurePrice>12.29</UnitOfMeasurePrice>
      <AllowDiscount>1</AllowDiscount>
      <ItemStatus>1</ItemStatus>
    </Item>
    <Item>
      <PriceUpdateDate>2024-11-17 13:15</PriceUpdateDate>
      <ItemCode>7290004050986</ItemCode>
      <ItemType>1</ItemType>
      <ItemName>רו בייקון 170 גר</ItemName>
      <ManufacturerName>לא ידוע</ManufacturerName>
      <ManufactureCountry>לא ידוע</ManufactureCountry>
      <ManufacturerItemDescription>רו בייקון 170 גר    </ManufacturerItemDescription>
      <UnitQty>גרמים</UnitQty>
      <Quantity>170.00</Quantity>
      <bIsWeighted>0</bIsWeighted>
      <UnitOfMeasure>100 גרם</UnitOfMeasure>
      <QtyInPackage>1</QtyInPackage>
      <ItemPrice>68.90</ItemPrice>
      <UnitOfMeasurePrice>40.53</UnitOfMeasurePrice>
      <AllowDiscount>1</AllowDiscount>
      <ItemStatus>1</ItemStatus>
    </Item>
    <Item>
      <PriceUpdateDate>2024-11-17 13:15</PriceUpdateDate>
      <ItemCode>7290004051044</ItemCode>
      <ItemType>1</ItemType>
      <ItemName>סלמי הונגרי פרוס 170גר</ItemName>
      <ManufacturerName>לא ידוע</ManufacturerName>
      <ManufactureCountry>לא ידוע</ManufactureCountry>
      <ManufacturerItemDescription>סלמי הונגרי פרוס 170</ManufacturerItemDescription>
      <UnitQty>גרמים</UnitQty>
      <Quantity>170.00</Quantity>
      <bIsWeighted>0</bIsWeighted>
      <UnitOfMeasure>100 גרם</UnitOfMeasure>
      <QtyInPackage>1</QtyInPackage>
      <ItemPrice>39.90</ItemPrice>
      <UnitOfMeasurePrice>23.47</UnitOfMeasurePrice>
      <AllowDiscount>1</AllowDiscount>
      <ItemStatus>1</ItemStatus>
    </Item>
    <Item>
      <PriceUpdateDate>2024-11-17 13:15</PriceUpdateDate>
      <ItemCode>7290004051068</ItemCode>
      <ItemType>1</ItemType>
      <ItemName>שינקן מעושן פרוס 200 גר</ItemName>
      <ManufacturerName>לא ידוע</ManufacturerName>
      <ManufactureCountry>לא ידוע</ManufactureCountry>
      <ManufacturerItemDescription>שינקן מעושן פרוס 200</ManufacturerItemDescription>
      <UnitQty>גרמים</UnitQty>
      <Quantity>200.00</Quantity>
      <bIsWeighted>0</bIsWeighted>
      <UnitOfMeasure>100 גרם</UnitOfMeasure>
      <QtyInPackage>1</QtyInPackage>
      <ItemPrice>39.90</ItemPrice>
      <UnitOfMeasurePrice>19.95</UnitOfMeasurePrice>
      <AllowDiscount>1</AllowDiscount>
      <ItemStatus>1</ItemStatus>
    </Item>
    <Item>
      <PriceUpdateDate>2024-04-03 18:16</PriceUpdateDate>
      <ItemCode>7290004051167</ItemCode>
      <ItemType>1</ItemType>
      <ItemName>ברזאולה 120 גר</ItemName>
      <ManufacturerName>לא ידוע</ManufacturerName>
      <ManufactureCountry>לא ידוע</ManufactureCountry>
      <ManufacturerItemDescription>ברזאולה 120 גר      </ManufacturerItemDescription>
      <UnitQty>גרמים</UnitQty>
      <Quantity>120.00</Quantity>
      <bIsWeighted>0</bIsWeighted>
      <UnitOfMeasure>100 גרם</UnitOfMeasure>
      <QtyInPackage>1</QtyInPackage>
      <ItemPrice>59.90</ItemPrice>
      <UnitOfMeasurePrice>49.92</UnitOfMeasurePrice>
      <AllowDiscount>1</AllowDiscount>
      <ItemStatus>1</ItemStatus>
    </Item>
    <Item>
      <PriceUpdateDate>2024-11-17 13:15</PriceUpdateDate>
      <ItemCode>7290004051334</ItemCode>
      <ItemType>1</ItemType>
      <ItemName>פפרוני עגל 170 גר</ItemName>
      <ManufacturerName>לא ידוע</ManufacturerName>
      <ManufactureCountry>לא ידוע</ManufactureCountry>
      <ManufacturerItemDescription>פפרוני עגל 170 גר   </ManufacturerItemDescription>
      <UnitQty>גרמים</UnitQty>
      <Quantity>170.00</Quantity>
      <bIsWeighted>0</bIsWeighted>
      <UnitOfMeasure>100 גרם</UnitOfMeasure>
      <QtyInPackage>1</QtyInPackage>
      <ItemPrice>39.90</ItemPrice>
      <UnitOfMeasurePrice>23.47</UnitOfMeasurePrice>
      <AllowDiscount>1</AllowDiscount>
      <ItemStatus>1</ItemStatus>
    </Item>
    <Item>
      <PriceUpdateDate>2024-11-14 13:04</PriceUpdateDate>
      <ItemCode>7290004051365</ItemCode>
      <ItemType>1</ItemType>
      <ItemName>קרפצו 120 גר</ItemName>
      <ManufacturerName>לא ידוע</ManufacturerName>
      <ManufactureCountry>לא ידוע</ManufactureCountry>
      <ManufacturerItemDescription>קרפצו 120 גר        </ManufacturerItemDescription>
      <UnitQty>גרמים</UnitQty>
      <Quantity>120.00</Quantity>
      <bIsWeighted>0</bIsWeighted>
      <UnitOfMeasure>100 גרם</UnitOfMeasure>
      <QtyInPackage>1</QtyInPackage>
      <ItemPrice>45.90</ItemPrice>
      <UnitOfMeasurePrice>38.25</UnitOfMeasurePrice>
      <AllowDiscount>1</AllowDiscount>
      <ItemStatus>1</ItemStatus>
    </Item>
    <Item>
      <PriceUpdateDate>2024-11-17 13:15</PriceUpdateDate>
      <ItemCode>7290004051419</ItemCode>
      <ItemType>1</ItemType>
      <ItemName>ממרח כבד מיני 220 גר</ItemName>
      <ManufacturerName>לא ידוע</ManufacturerName>
      <ManufactureCountry>לא ידוע</ManufactureCountry>
      <ManufacturerItemDescription>ממרח כבד מיני 220 גר</ManufacturerItemDescription>
      <UnitQty>גרמים</UnitQty>
      <Quantity>220.00</Quantity>
      <bIsWeighted>0</bIsWeighted>
      <UnitOfMeasure>100 גרם</UnitOfMeasure>
      <QtyInPackage>1</QtyInPackage>
      <ItemPrice>22.90</ItemPrice>
      <UnitOfMeasurePrice>10.41</UnitOfMeasurePrice>
      <AllowDiscount>1</AllowDiscount>
      <ItemStatus>1</ItemStatus>
    </Item>
    <Item>
      <PriceUpdateDate>2024-11-17 13:15</PriceUpdateDate>
      <ItemCode>7290004051792</ItemCode>
      <ItemType>1</ItemType>
      <ItemName>נקניקיות קוקטייל 900 גר</ItemName>
      <ManufacturerName>לא ידוע</ManufacturerName>
      <ManufactureCountry>לא ידוע</ManufactureCountry>
      <ManufacturerItemDescription>נקניקיות קוקטייל 900</ManufacturerItemDescription>
      <UnitQty>גרמים</UnitQty>
      <Quantity>900.00</Quantity>
      <bIsWeighted>0</bIsWeighted>
      <UnitOfMeasure>100 גרם</UnitOfMeasure>
      <QtyInPackage>1</QtyInPackage>
      <ItemPrice>64.90</ItemPrice>
      <UnitOfMeasurePrice>7.21</UnitOfMeasurePrice>
      <AllowDiscount>1</AllowDiscount>
      <ItemStatus>1</ItemStatus>
    </Item>
    <Item>
      <PriceUpdateDate>2024-11-17 13:15</PriceUpdateDate>
      <ItemCode>7290004052041</ItemCode>
      <ItemType>1</ItemType>
      <ItemName>קבנוס קלאסי 210 גר</ItemName>
      <ManufacturerName>לא ידוע</ManufacturerName>
      <ManufactureCountry>לא ידוע</ManufactureCountry>
      <ManufacturerItemDescription>קבנוס קלאסי 210 גר  </ManufacturerItemDescription>
      <UnitQty>גרמים</UnitQty>
      <Quantity>210.00</Quantity>
      <bIsWeighted>0</bIsWeighted>
      <UnitOfMeasure>100 גרם</UnitOfMeasure>
      <QtyInPackage>1</QtyInPackage>
      <ItemPrice>39.90</ItemPrice>
      <UnitOfMeasurePrice>19.00</UnitOfMeasurePrice>
      <AllowDiscount>1</AllowDiscount>
      <ItemStatus>1</ItemStatus>
    </Item>
    <Item>
      <PriceUpdateDate>2024-11-17 13:15</PriceUpdateDate>
      <ItemCode>7290004052256</ItemCode>
      <ItemType>1</ItemType>
      <ItemName>חזה הודו מעושן פרוס 200 גר</ItemName>
      <ManufacturerName>לא ידוע</ManufacturerName>
      <ManufactureCountry>לא ידוע</ManufactureCountry>
      <ManufacturerItemDescription>חזה הודו מעושן 200 ג</ManufacturerItemDescription>
      <UnitQty>גרמים</UnitQty>
      <Quantity>200.00</Quantity>
      <bIsWeighted>0</bIsWeighted>
      <UnitOfMeasure>100 גרם</UnitOfMeasure>
      <QtyInPackage>1</QtyInPackage>
      <ItemPrice>24.90</ItemPrice>
      <UnitOfMeasurePrice>12.45</UnitOfMeasurePrice>
      <AllowDiscount>1</AllowDiscount>
      <ItemStatus>1</ItemStatus>
    </Item>
    <Item>
      <PriceUpdateDate>2024-11-17 13:15</PriceUpdateDate>
      <ItemCode>7290004052317</ItemCode>
      <ItemType>1</ItemType>
      <ItemName>סלמי פפרוני 170 גר</ItemName>
      <ManufacturerName>לא ידוע</ManufacturerName>
      <ManufactureCountry>לא ידוע</ManufactureCountry>
      <ManufacturerItemDescription>סלמי פפרוני 170 גר  </ManufacturerItemDescription>
      <UnitQty>גרמים</UnitQty>
      <Quantity>170.00</Quantity>
      <bIsWeighted>0</bIsWeighted>
      <UnitOfMeasure>100 גרם</UnitOfMeasure>
      <QtyInPackage>1</QtyInPackage>
      <ItemPrice>42.90</ItemPrice>
      <UnitOfMeasurePrice>25.24</UnitOfMeasurePrice>
      <AllowDiscount>1</AllowDiscount>
      <ItemStatus>1</ItemStatus>
    </Item>
    <Item>
      <PriceUpdateDate>2024-11-17 13:15</PriceUpdateDate>
      <ItemCode>7290004052690</ItemCode>
      <ItemType>1</ItemType>
      <ItemName>נקניקיות פרגית 600 גר</ItemName>
      <ManufacturerName>לא ידוע</ManufacturerName>
      <ManufactureCountry>לא ידוע</ManufactureCountry>
      <ManufacturerItemDescription>נקניקיות פרגית 600 ג</ManufacturerItemDescription>
      <UnitQty>גרמים</UnitQty>
      <Quantity>600.00</Quantity>
      <bIsWeighted>0</bIsWeighted>
      <UnitOfMeasure>100 גרם</UnitOfMeasure>
      <QtyInPackage>1</QtyInPackage>
      <ItemPrice>25.90</ItemPrice>
      <UnitOfMeasurePrice>4.32</UnitOfMeasurePrice>
      <AllowDiscount>1</AllowDiscount>
      <ItemStatus>1</ItemStatus>
    </Item>
    <Item>
      <PriceUpdateDate>2024-11-17 13:15</PriceUpdateDate>
      <ItemCode>7290004053192</ItemCode>
      <ItemType>1</ItemType>
      <ItemName>נקניקיות עגל 600 גר</ItemName>
      <ManufacturerName>לא ידוע</ManufacturerName>
      <ManufactureCountry>לא ידוע</ManufactureCountry>
      <ManufacturerItemDescription>נקניקיות עגל 600 גרם</ManufacturerItemDescription>
      <UnitQty>גרמים</UnitQty>
      <Quantity>600.00</Quantity>
      <bIsWeighted>0</bIsWeighted>
      <UnitOfMeasure>100 גרם</UnitOfMeasure>
      <QtyInPackage>1</QtyInPackage>
      <ItemPrice>38.90</ItemPrice>
      <UnitOfMeasurePrice>6.48</UnitOfMeasurePrice>
      <AllowDiscount>1</AllowDiscount>
      <ItemStatus>1</ItemStatus>
    </Item>
    <Item>
      <PriceUpdateDate>2025-03-03 06:53</PriceUpdateDate>
      <ItemCode>7290004053291</ItemCode>
      <ItemType>1</ItemType>
      <ItemName>קרפלך עגל בטעם ביתי 600 גר</ItemName>
      <ManufacturerName>לא ידוע</ManufacturerName>
      <ManufactureCountry>לא ידוע</ManufactureCountry>
      <ManufacturerItemDescription>קרפלך עגל בטעם ביתי </ManufacturerItemDescription>
      <UnitQty>גרמים</UnitQty>
      <Quantity>600.00</Quantity>
      <bIsWeighted>0</bIsWeighted>
      <UnitOfMeasure>100 גרם</UnitOfMeasure>
      <QtyInPackage>1</QtyInPackage>
      <ItemPrice>33.90</ItemPrice>
      <UnitOfMeasurePrice>5.65</UnitOfMeasurePrice>
      <AllowDiscount>1</AllowDiscount>
      <ItemStatus>1</ItemStatus>
    </Item>
    <Item>
      <PriceUpdateDate>2024-11-17 13:15</PriceUpdateDate>
      <ItemCode>7290004054267</ItemCode>
      <ItemType>1</ItemType>
      <ItemName>נקניקיות פרנקפורטר 900 גר</ItemName>
      <ManufacturerName>לא ידוע</ManufacturerName>
      <ManufactureCountry>לא ידוע</ManufactureCountry>
      <ManufacturerItemDescription>נקניקיות פרנקפורטר  </ManufacturerItemDescription>
      <UnitQty>גרמים</UnitQty>
      <Quantity>900.00</Quantity>
      <bIsWeighted>0</bIsWeighted>
      <UnitOfMeasure>100 גרם</UnitOfMeasure>
      <QtyInPackage>1</QtyInPackage>
      <ItemPrice>67.90</ItemPrice>
      <UnitOfMeasurePrice>7.54</UnitOfMeasurePrice>
      <AllowDiscount>1</AllowDiscount>
      <ItemStatus>1</ItemStatus>
    </Item>
    <Item>
      <PriceUpdateDate>2024-11-17 13:15</PriceUpdateDate>
      <ItemCode>7290004054427</ItemCode>
      <ItemType>1</ItemType>
      <ItemName>שוק חזירון בלי עצם</ItemName>
      <ManufacturerName>לא ידוע</ManufacturerName>
      <ManufactureCountry>לא ידוע</ManufactureCountry>
      <ManufacturerItemDescription>פסטרמה שוק חזירון   </ManufacturerItemDescription>
      <UnitQty>Unknown</UnitQty>
      <Quantity>0.00</Quantity>
      <bIsWeighted>1</bIsWeighted>
      <UnitOfMeasure>ק"ג</UnitOfMeasure>
      <QtyInPackage>0</QtyInPackage>
      <ItemPrice>135.00</ItemPrice>
      <UnitOfMeasurePrice>135.00</UnitOfMeasurePrice>
      <AllowDiscount>1</AllowDiscount>
      <ItemStatus>1</ItemStatus>
    </Item>
    <Item>
      <PriceUpdateDate>2024-11-17 13:15</PriceUpdateDate>
      <ItemCode>7290004054885</ItemCode>
      <ItemType>1</ItemType>
      <ItemName>נקניקיות איטלקיות עם גבינה 400 גר</ItemName>
      <ManufacturerName>לא ידוע</ManufacturerName>
      <ManufactureCountry>לא ידוע</ManufactureCountry>
      <ManufacturerItemDescription>נקניקיות איטלקיות עם</ManufacturerItemDescription>
      <UnitQty>גרמים</UnitQty>
      <Quantity>400.00</Quantity>
      <bIsWeighted>0</bIsWeighted>
      <UnitOfMeasure>100 גרם</UnitOfMeasure>
      <QtyInPackage>1</QtyInPackage>
      <ItemPrice>33.90</ItemPrice>
      <UnitOfMeasurePrice>8.48</UnitOfMeasurePrice>
      <AllowDiscount>1</AllowDiscount>
      <ItemStatus>1</ItemStatus>
    </Item>
    <Item>
      <PriceUpdateDate>2024-11-17 13:15</PriceUpdateDate>
      <ItemCode>7290004055271</ItemCode>
      <ItemType>1</ItemType>
      <ItemName>פניני קבנוס 150 גר</ItemName>
      <ManufacturerName>לא ידוע</ManufacturerName>
      <ManufactureCountry>לא ידוע</ManufactureCountry>
      <ManufacturerItemDescription>פניני קבנוס 150 גר  </ManufacturerItemDescription>
      <UnitQty>גרמים</UnitQty>
      <Quantity>150.00</Quantity>
      <bIsWeighted>0</bIsWeighted>
      <UnitOfMeasure>100 גרם</UnitOfMeasure>
      <QtyInPackage>1</QtyInPackage>
      <ItemPrice>39.90</ItemPrice>
      <UnitOfMeasurePrice>26.60</UnitOfMeasurePrice>
      <AllowDiscount>1</AllowDiscount>
      <ItemStatus>1</ItemStatus>
    </Item>
    <Item>
      <PriceUpdateDate>2025-01-02 08:24</PriceUpdateDate>
      <ItemCode>7290004063016</ItemCode>
      <ItemType>1</ItemType>
      <ItemName>מלח דק 1 ק"ג</ItemName>
      <ManufacturerName>לא ידוע</ManufacturerName>
      <ManufactureCountry>לא ידוע</ManufactureCountry>
      <ManufacturerItemDescription>מלח דק 1 ק"ג        </ManufacturerItemDescription>
      <UnitQty>גרמים</UnitQty>
      <Quantity>1000.00</Quantity>
      <bIsWeighted>0</bIsWeighted>
      <UnitOfMeasure>100 גרם</UnitOfMeasure>
      <QtyInPackage>1</QtyInPackage>
      <ItemPrice>2.09</ItemPrice>
      <UnitOfMeasurePrice>0.21</UnitOfMeasurePrice>
      <AllowDiscount>1</AllowDiscount>
      <ItemStatus>1</ItemStatus>
    </Item>
    <Item>
      <PriceUpdateDate>2025-01-02 08:24</PriceUpdateDate>
      <ItemCode>7290004063115</ItemCode>
      <ItemType>1</ItemType>
      <ItemName>מלח מטבח רגיל 1 ק"ג</ItemName>
      <ManufacturerName>לא ידוע</ManufacturerName>
      <ManufactureCountry>לא ידוע</ManufactureCountry>
      <ManufacturerItemDescription>מלח מטבח גס 1 ק"ג   </ManufacturerItemDescription>
      <UnitQty>גרמים</UnitQty>
      <Quantity>1000.00</Quantity>
      <bIsWeighted>0</bIsWeighted>
      <UnitOfMeasure>100 גרם</UnitOfMeasure>
      <QtyInPackage>1</QtyInPackage>
      <ItemPrice>2.09</ItemPrice>
      <UnitOfMeasurePrice>0.21</UnitOfMeasurePrice>
      <AllowDiscount>1</AllowDiscount>
      <ItemStatus>1</ItemStatus>
    </Item>
    <Item>
      <PriceUpdateDate>2024-12-11 07:15</PriceUpdateDate>
      <ItemCode>7290004064082</ItemCode>
      <ItemType>1</ItemType>
      <ItemName>מטחנה מלח ים טבעי 250 גרם מלח הארץ</ItemName>
      <ManufacturerName>לא ידוע</ManufacturerName>
      <ManufactureCountry>לא ידוע</ManufactureCountry>
      <ManufacturerItemDescription>מטחנה מלח ים טבעי 25</ManufacturerItemDescription>
      <UnitQty>גרמים</UnitQty>
      <Quantity>250.00</Quantity>
      <bIsWeighted>0</bIsWeighted>
      <UnitOfMeasure>100 גרם</UnitOfMeasure>
      <QtyInPackage>1</QtyInPackage>
      <ItemPrice>17.90</ItemPrice>
      <UnitOfMeasurePrice>7.16</UnitOfMeasurePrice>
      <AllowDiscount>1</AllowDiscount>
      <ItemStatus>1</ItemStatus>
    </Item>
    <Item>
      <PriceUpdateDate>2024-11-18 15:48</PriceUpdateDate>
      <ItemCode>7290004064099</ItemCode>
      <ItemType>1</ItemType>
      <ItemName>מטחנה מלח מהרי ההימלאיה 250 ג מלח הארץ</ItemName>
      <ManufacturerName>לא ידוע</ManufacturerName>
      <ManufactureCountry>לא ידוע</ManufactureCountry>
      <ManufacturerItemDescription>מטחנה מלח מהרי ההימל</ManufacturerItemDescription>
      <UnitQty>גרמים</UnitQty>
      <Quantity>250.00</Quantity>
      <bIsWeighted>0</bIsWeighted>
      <UnitOfMeasure>100 גרם</UnitOfMeasure>
      <QtyInPackage>1</QtyInPackage>
      <ItemPrice>23.90</ItemPrice>
      <UnitOfMeasurePrice>9.56</UnitOfMeasurePrice>
      <AllowDiscount>1</AllowDiscount>
      <ItemStatus>1</ItemStatus>
    </Item>
    <Item>
      <PriceUpdateDate>2024-11-18 15:48</PriceUpdateDate>
      <ItemCode>7290004064174</ItemCode>
      <ItemType>1</ItemType>
      <ItemName>מלח הימלאיה דק בצנצנת 1 ק"ג</ItemName>
      <ManufacturerName>לא ידוע</ManufacturerName>
      <ManufactureCountry>לא ידוע</ManufactureCountry>
      <ManufacturerItemDescription>מלח הימלאיה דק בצנצנ</ManufacturerItemDescription>
      <UnitQty>גרמים</UnitQty>
      <Quantity>1000.00</Quantity>
      <bIsWeighted>0</bIsWeighted>
      <UnitOfMeasure>100 גרם</UnitOfMeasure>
      <QtyInPackage>1</QtyInPackage>
      <ItemPrice>24.90</ItemPrice>
      <UnitOfMeasurePrice>2.49</UnitOfMeasurePrice>
      <AllowDiscount>1</AllowDiscount>
      <ItemStatus>1</ItemStatus>
    </Item>
    <Item>
      <PriceUpdateDate>2024-11-18 15:50</PriceUpdateDate>
      <ItemCode>7290004064181</ItemCode>
      <ItemType>1</ItemType>
      <ItemName>מלח הימלאיה גס בצנצנת 1 ק"ג</ItemName>
      <ManufacturerName>לא ידוע</ManufacturerName>
      <ManufactureCountry>לא ידוע</ManufactureCountry>
      <ManufacturerItemDescription>מלח הימלאיה גס בצנצנ</ManufacturerItemDescription>
      <UnitQty>גרמים</UnitQty>
      <Quantity>1000.00</Quantity>
      <bIsWeighted>0</bIsWeighted>
      <UnitOfMeasure>100 גרם</UnitOfMeasure>
      <QtyInPackage>1</QtyInPackage>
      <ItemPrice>24.90</ItemPrice>
      <UnitOfMeasurePrice>2.49</UnitOfMeasurePrice>
      <AllowDiscount>1</AllowDiscount>
      <ItemStatus>1</ItemStatus>
    </Item>
    <Item>
      <PriceUpdateDate>2024-11-26 07:49</PriceUpdateDate>
      <ItemCode>7290004064303</ItemCode>
      <ItemType>1</ItemType>
      <ItemName>מלח אטלנטי בצנצנת מלח הארץ 800 גרם</ItemName>
      <ManufacturerName>לא ידוע</ManufacturerName>
      <ManufactureCountry>ישראל</ManufactureCountry>
      <ManufacturerItemDescription>מלח אטלנטי בצנצנת מל</ManufacturerItemDescription>
      <UnitQty>גרמים</UnitQty>
      <Quantity>800.00</Quantity>
      <bIsWeighted>0</bIsWeighted>
      <UnitOfMeasure>100 גרם</UnitOfMeasure>
      <QtyInPackage>1</QtyInPackage>
      <ItemPrice>27.90</ItemPrice>
      <UnitOfMeasurePrice>3.49</UnitOfMeasurePrice>
      <AllowDiscount>1</AllowDiscount>
      <ItemStatus>1</ItemStatus>
    </Item>
    <Item>
      <PriceUpdateDate>2024-11-25 13:38</PriceUpdateDate>
      <ItemCode>7290004064389</ItemCode>
      <ItemType>1</ItemType>
      <ItemName>מלח הימלאיה דק  250 גר</ItemName>
      <ManufacturerName>לא ידוע</ManufacturerName>
      <ManufactureCountry>לא ידוע</ManufactureCountry>
      <ManufacturerItemDescription>מלח הימלאיה דק  250 </ManufacturerItemDescription>
      <UnitQty>גרמים</UnitQty>
      <Quantity>250.00</Quantity>
      <bIsWeighted>0</bIsWeighted>
      <UnitOfMeasure>100 גרם</UnitOfMeasure>
      <QtyInPackage>1</QtyInPackage>
      <ItemPrice>14.50</ItemPrice>
      <UnitOfMeasurePrice>5.80</UnitOfMeasurePrice>
      <AllowDiscount>1</AllowDiscount>
      <ItemStatus>1</ItemStatus>
    </Item>
    <Item>
      <PriceUpdateDate>2025-01-14 08:26</PriceUpdateDate>
      <ItemCode>7290004068011</ItemCode>
      <ItemType>1</ItemType>
      <ItemName>יוגורט כבשים 600 גר</ItemName>
      <ManufacturerName>לא ידוע</ManufacturerName>
      <ManufactureCountry>ישראל</ManufactureCountry>
      <ManufacturerItemDescription>יוגורט כבשים 600 גר </ManufacturerItemDescription>
      <UnitQty>גרמים</UnitQty>
      <Quantity>600.00</Quantity>
      <bIsWeighted>0</bIsWeighted>
      <UnitOfMeasure>100 גרם</UnitOfMeasure>
      <QtyInPackage>1</QtyInPackage>
      <ItemPrice>23.90</ItemPrice>
      <UnitOfMeasurePrice>3.98</UnitOfMeasurePrice>
      <AllowDiscount>1</AllowDiscount>
      <ItemStatus>1</ItemStatus>
    </Item>
    <Item>
      <PriceUpdateDate>2025-08-13 14:50</PriceUpdateDate>
      <ItemCode>7290004068035</ItemCode>
      <ItemType>1</ItemType>
      <ItemName>יוגורט איירן 500 מ"ל</ItemName>
      <ManufacturerName>לא ידוע</ManufacturerName>
      <ManufactureCountry>ישראל</ManufactureCountry>
      <ManufacturerItemDescription>יוגורט איירן 500 מ"ל</ManufacturerItemDescription>
      <UnitQty>מיליליטרים</UnitQty>
      <Quantity>500.00</Quantity>
      <bIsWeighted>0</bIsWeighted>
      <UnitOfMeasure>100 מ"ל</UnitOfMeasure>
      <QtyInPackage>1</QtyInPackage>
      <ItemPrice>11.50</ItemPrice>
      <UnitOfMeasurePrice>2.30</UnitOfMeasurePrice>
      <AllowDiscount>1</AllowDiscount>
      <ItemStatus>1</ItemStatus>
    </Item>
    <Item>
      <PriceUpdateDate>2025-01-14 08:32</PriceUpdateDate>
      <ItemCode>7290004068172</ItemCode>
      <ItemType>1</ItemType>
      <ItemName>יוגורט עיזים דלי 600 גר 5%</ItemName>
      <ManufacturerName>לא ידוע</ManufacturerName>
      <ManufactureCountry>ישראל</ManufactureCountry>
      <ManufacturerItemDescription>יוגורט עיזים דלי 600</ManufacturerItemDescription>
      <UnitQty>גרמים</UnitQty>
      <Quantity>600.00</Quantity>
      <bIsWeighted>0</bIsWeighted>
      <UnitOfMeasure>100 גרם</UnitOfMeasure>
      <QtyInPackage>1</QtyInPackage>
      <ItemPrice>24.90</ItemPrice>
      <UnitOfMeasurePrice>4.15</UnitOfMeasurePrice>
      <AllowDiscount>1</AllowDiscount>
      <ItemStatus>1</ItemStatus>
    </Item>
    <Item>
      <PriceUpdateDate>2025-05-23 08:10</PriceUpdateDate>
      <ItemCode>7290004119225</ItemCode>
      <ItemType>1</ItemType>
      <ItemName>יופלה אננס 3% 150 גר</ItemName>
      <ManufacturerName>לא ידוע</ManufacturerName>
      <ManufactureCountry>לא ידוע</ManufactureCountry>
      <ManufacturerItemDescription>יופלה אננס 3% 150 גר</ManufacturerItemDescription>
      <UnitQty>גרמים</UnitQty>
      <Quantity>150.00</Quantity>
      <bIsWeighted>0</bIsWeighted>
      <UnitOfMeasure>100 גרם</UnitOfMeasure>
      <QtyInPackage>1</QtyInPackage>
      <ItemPrice>6.20</ItemPrice>
      <UnitOfMeasurePrice>4.13</UnitOfMeasurePrice>
      <AllowDiscount>1</AllowDiscount>
      <ItemStatus>1</ItemStatus>
    </Item>
    <Item>
      <PriceUpdateDate>2025-05-23 08:10</PriceUpdateDate>
      <ItemCode>7290004120108</ItemCode>
      <ItemType>1</ItemType>
      <ItemName>דיאט יופלה דובדבן 150 גר</ItemName>
      <ManufacturerName>לא ידוע</ManufacturerName>
      <ManufactureCountry>לא ידוע</ManufactureCountry>
      <ManufacturerItemDescription>דיאט יופלה דובדבן 15</ManufacturerItemDescription>
      <UnitQty>גרמים</UnitQty>
      <Quantity>150.00</Quantity>
      <bIsWeighted>0</bIsWeighted>
      <UnitOfMeasure>100 גרם</UnitOfMeasure>
      <QtyInPackage>1</QtyInPackage>
      <ItemPrice>6.20</ItemPrice>
      <UnitOfMeasurePrice>4.13</UnitOfMeasurePrice>
      <AllowDiscount>1</AllowDiscount>
      <ItemStatus>1</ItemStatus>
    </Item>
    <Item>
      <PriceUpdateDate>2025-05-21 08:42</PriceUpdateDate>
      <ItemCode>7290004120573</ItemCode>
      <ItemType>1</ItemType>
      <ItemName>גבינה בולגרית פיראוס 16% 250 גרם</ItemName>
      <ManufacturerName>לא ידוע</ManufacturerName>
      <ManufactureCountry>לא ידוע</ManufactureCountry>
      <ManufacturerItemDescription>גבינה בולגרית פיראוס</ManufacturerItemDescription>
      <UnitQty>גרמים</UnitQty>
      <Quantity>250.00</Quantity>
      <bIsWeighted>0</bIsWeighted>
      <UnitOfMeasure>100 גרם</UnitOfMeasure>
      <QtyInPackage>1</QtyInPackage>
      <ItemPrice>28.40</ItemPrice>
      <UnitOfMeasurePrice>11.36</UnitOfMeasurePrice>
      <AllowDiscount>1</AllowDiscount>
      <ItemStatus>1</ItemStatus>
    </Item>
    <Item>
      <PriceUpdateDate>2025-05-23 08:10</PriceUpdateDate>
      <ItemCode>7290004121488</ItemCode>
      <ItemType>1</ItemType>
      <ItemName>דיאט יופלה אפרסק 150 גר</ItemName>
      <ManufacturerName>לא ידוע</ManufacturerName>
      <ManufactureCountry>לא ידוע</ManufactureCountry>
      <ManufacturerItemDescription>דיאט יופלה אפרסק 150</ManufacturerItemDescription>
      <UnitQty>מיליליטרים</UnitQty>
      <Quantity>150.00</Quantity>
      <bIsWeighted>0</bIsWeighted>
      <UnitOfMeasure>100 מ"ל</UnitOfMeasure>
      <QtyInPackage>1</QtyInPackage>
      <ItemPrice>6.20</ItemPrice>
      <UnitOfMeasurePrice>4.13</UnitOfMeasurePrice>
      <AllowDiscount>1</AllowDiscount>
      <ItemStatus>1</ItemStatus>
    </Item>
    <Item>
      <PriceUpdateDate>2025-05-21 08:41</PriceUpdateDate>
      <ItemCode>7290004121853</ItemCode>
      <ItemType>1</ItemType>
      <ItemName>גבינה בולגרית פיראוס 5% קוביות 200 גרם</ItemName>
      <ManufacturerName>לא ידוע</ManufacturerName>
      <ManufactureCountry>לא ידוע</ManufactureCountry>
      <ManufacturerItemDescription>גבינה בולגרית פיראוס</ManufacturerItemDescription>
      <UnitQty>גרמים</UnitQty>
      <Quantity>200.00</Quantity>
      <bIsWeighted>0</bIsWeighted>
      <UnitOfMeasure>100 גרם</UnitOfMeasure>
      <QtyInPackage>1</QtyInPackage>
      <ItemPrice>27.80</ItemPrice>
      <UnitOfMeasurePrice>13.90</UnitOfMeasurePrice>
      <AllowDiscount>1</AllowDiscount>
      <ItemStatus>1</ItemStatus>
    </Item>
    <Item>
      <PriceUpdateDate>2025-05-23 08:10</PriceUpdateDate>
      <ItemCode>7290004122119</ItemCode>
      <ItemType>1</ItemType>
      <ItemName>פתיתי פרמזן לפסטה 100 גרם</ItemName>
      <ManufacturerName>לא ידוע</ManufacturerName>
      <ManufactureCountry>ישראל</ManufactureCountry>
      <ManufacturerItemDescription>פתיתי פרמזן לפסטה הש</ManufacturerItemDescription>
      <UnitQty>גרמים</UnitQty>
      <Quantity>220.00</Quantity>
      <bIsWeighted>0</bIsWeighted>
      <UnitOfMeasure>100 גרם</UnitOfMeasure>
      <QtyInPackage>1</QtyInPackage>
      <ItemPrice>16.80</ItemPrice>
      <UnitOfMeasurePrice>7.64</UnitOfMeasurePrice>
      <AllowDiscount>1</AllowDiscount>
      <ItemStatus>1</ItemStatus>
    </Item>
    <Item>
      <PriceUpdateDate>2025-05-23 08:10</PriceUpdateDate>
      <ItemCode>7290004122195</ItemCode>
      <ItemType>1</ItemType>
      <ItemName>גבינה צהובה גוש חלב 200 גרם</ItemName>
      <ManufacturerName>לא ידוע</ManufacturerName>
      <ManufactureCountry>לא ידוע</ManufactureCountry>
      <ManufacturerItemDescription>גבינה צהובה גוש חלב </ManufacturerItemDescription>
      <UnitQty>גרמים</UnitQty>
      <Quantity>200.00</Quantity>
      <bIsWeighted>0</bIsWeighted>
      <UnitOfMeasure>100 גרם</UnitOfMeasure>
      <QtyInPackage>1</QtyInPackage>
      <ItemPrice>17.80</ItemPrice>
      <UnitOfMeasurePrice>8.90</UnitOfMeasurePrice>
      <AllowDiscount>1</AllowDiscount>
      <ItemStatus>1</ItemStatus>
    </Item>
    <Item>
      <PriceUpdateDate>2025-05-23 08:10</PriceUpdateDate>
      <ItemCode>7290004122270</ItemCode>
      <ItemType>1</ItemType>
      <ItemName>גבינה עמק פרוס בקופסה 28% 200 גרם</ItemName>
      <ManufacturerName>לא ידוע</ManufacturerName>
      <ManufactureCountry>לא ידוע</ManufactureCountry>
      <ManufacturerItemDescription>גבינה עמק פרוס בקופס</ManufacturerItemDescription>
      <UnitQty>גרמים</UnitQty>
      <Quantity>200.00</Quantity>
      <bIsWeighted>0</bIsWeighted>
      <UnitOfMeasure>100 גרם</UnitOfMeasure>
      <QtyInPackage>1</QtyInPackage>
      <ItemPrice>20.30</ItemPrice>
      <UnitOfMeasurePrice>10.15</UnitOfMeasurePrice>
      <AllowDiscount>1</AllowDiscount>
      <ItemStatus>1</ItemStatus>
    </Item>
    <Item>
      <PriceUpdateDate>2025-05-23 08:10</PriceUpdateDate>
      <ItemCode>7290004122348</ItemCode>
      <ItemType>1</ItemType>
      <ItemName>גבינת עמק לייט פרוס בקופסא 200 גרם</ItemName>
      <ManufacturerName>לא ידוע</ManufacturerName>
      <ManufactureCountry>לא ידוע</ManufactureCountry>
      <ManufacturerItemDescription>גבינת עמק לייט פרוס </ManufacturerItemDescription>
      <UnitQty>גרמים</UnitQty>
      <Quantity>200.00</Quantity>
      <bIsWeighted>0</bIsWeighted>
      <UnitOfMeasure>100 גרם</UnitOfMeasure>
      <QtyInPackage>1</QtyInPackage>
      <ItemPrice>21.30</ItemPrice>
      <UnitOfMeasurePrice>10.65</UnitOfMeasurePrice>
      <AllowDiscount>1</AllowDiscount>
      <ItemStatus>1</ItemStatus>
    </Item>
    <Item>
      <PriceUpdateDate>2025-05-23 08:10</PriceUpdateDate>
      <ItemCode>7290004122676</ItemCode>
      <ItemType>1</ItemType>
      <ItemName>חמד לייט 5% גביע 250גר</ItemName>
      <ManufacturerName>לא ידוע</ManufacturerName>
      <ManufactureCountry>לא ידוע</ManufactureCountry>
      <ManufacturerItemDescription>חמד לייט 5% גביע 250</ManufacturerItemDescription>
      <UnitQty>גרמים</UnitQty>
      <Quantity>250.00</Quantity>
      <bIsWeighted>0</bIsWeighted>
      <UnitOfMeasure>100 גרם</UnitOfMeasure>
      <QtyInPackage>1</QtyInPackage>
      <ItemPrice>24.30</ItemPrice>
      <UnitOfMeasurePrice>9.72</UnitOfMeasurePrice>
      <AllowDiscount>1</AllowDiscount>
      <ItemStatus>1</ItemStatus>
    </Item>
    <Item>
      <PriceUpdateDate>2025-05-23 08:10</PriceUpdateDate>
      <ItemCode>7290004122683</ItemCode>
      <ItemType>1</ItemType>
      <ItemName>אצבעות עמק 172 גר</ItemName>
      <ManufacturerName>לא ידוע</ManufacturerName>
      <ManufactureCountry>לא ידוע</ManufactureCountry>
      <ManufacturerItemDescription>אצבעות עמק 172 גר   </ManufacturerItemDescription>
      <UnitQty>גרמים</UnitQty>
      <Quantity>172.00</Quantity>
      <bIsWeighted>0</bIsWeighted>
      <UnitOfMeasure>100 גרם</UnitOfMeasure>
      <QtyInPackage>1</QtyInPackage>
      <ItemPrice>20.80</ItemPrice>
      <UnitOfMeasurePrice>12.09</UnitOfMeasurePrice>
      <AllowDiscount>1</AllowDiscount>
      <ItemStatus>1</ItemStatus>
    </Item>
    <Item>
      <PriceUpdateDate>2025-05-23 08:10</PriceUpdateDate>
      <ItemCode>7290004124205</ItemCode>
      <ItemType>1</ItemType>
      <ItemName>דיאט יופלה תות 150 גר</ItemName>
      <ManufacturerName>לא ידוע</ManufacturerName>
      <ManufactureCountry>לא ידוע</ManufactureCountry>
      <ManufacturerItemDescription>דיאט יופלה תות 150 ג</ManufacturerItemDescription>
      <UnitQty>גרמים</UnitQty>
      <Quantity>150.00</Quantity>
      <bIsWeighted>0</bIsWeighted>
      <UnitOfMeasure>100 גרם</UnitOfMeasure>
      <QtyInPackage>1</QtyInPackage>
      <ItemPrice>6.20</ItemPrice>
      <UnitOfMeasurePrice>4.13</UnitOfMeasurePrice>
      <AllowDiscount>1</AllowDiscount>
      <ItemStatus>1</ItemStatus>
    </Item>
    <Item>
      <PriceUpdateDate>2024-11-26 07:45</PriceUpdateDate>
      <ItemCode>7290004124847</ItemCode>
      <ItemType>1</ItemType>
      <ItemName>קצפת צימחית השף לבן 500מ"ל</ItemName>
      <ManufacturerName>לא ידוע</ManufacturerName>
      <ManufactureCountry>לא ידוע</ManufactureCountry>
      <ManufacturerItemDescription>קצפת צימחית השף לבן </ManufacturerItemDescription>
      <UnitQty>גרמים</UnitQty>
      <Quantity>500.00</Quantity>
      <bIsWeighted>0</bIsWeighted>
      <UnitOfMeasure>100 גרם</UnitOfMeasure>
      <QtyInPackage>1</QtyInPackage>
      <ItemPrice>19.90</ItemPrice>
      <UnitOfMeasurePrice>3.98</UnitOfMeasurePrice>
      <AllowDiscount>1</AllowDiscount>
      <ItemStatus>1</ItemStatus>
    </Item>
    <Item>
      <PriceUpdateDate>2025-05-23 08:10</PriceUpdateDate>
      <ItemCode>7290004125370</ItemCode>
      <ItemType>1</ItemType>
      <ItemName>שמנת חמוצה מופחתת שומן 9% 200 מ"ל</ItemName>
      <ManufacturerName>לא ידוע</ManufacturerName>
      <ManufactureCountry>לא ידוע</ManufactureCountry>
      <ManufacturerItemDescription>שמנת חמוצה מופחתת   </ManufacturerItemDescription>
      <UnitQty>מיליליטרים</UnitQty>
      <Quantity>200.00</Quantity>
      <bIsWeighted>0</bIsWeighted>
      <UnitOfMeasure>100 מ"ל</UnitOfMeasure>
      <QtyInPackage>1</QtyInPackage>
      <ItemPrice>5.40</ItemPrice>
      <UnitOfMeasurePrice>2.70</UnitOfMeasurePrice>
      <AllowDiscount>1</AllowDiscount>
      <ItemStatus>1</ItemStatus>
    </Item>
    <Item>
      <PriceUpdateDate>2025-05-23 08:10</PriceUpdateDate>
      <ItemCode>7290004125400</ItemCode>
      <ItemType>1</ItemType>
      <ItemName>שלי אשל 200 מ"ל</ItemName>
      <ManufacturerName>לא ידוע</ManufacturerName>
      <ManufactureCountry>לא ידוע</ManufactureCountry>
      <ManufacturerItemDescription>שלי אשל 200 מ"ל     </ManufacturerItemDescription>
      <UnitQty>מיליליטרים</UnitQty>
      <Quantity>200.00</Quantity>
      <bIsWeighted>0</bIsWeighted>
      <UnitOfMeasure>100 מ"ל</UnitOfMeasure>
      <QtyInPackage>1</QtyInPackage>
      <ItemPrice>1.97</ItemPrice>
      <UnitOfMeasurePrice>0.99</UnitOfMeasurePrice>
      <AllowDiscount>1</AllowDiscount>
      <ItemStatus>1</ItemStatus>
    </Item>
    <Item>
      <PriceUpdateDate>2025-05-09 11:33</PriceUpdateDate>
      <ItemCode>7290004125417</ItemCode>
      <ItemType>1</ItemType>
      <ItemName>שלי גיל 200 מ"ל</ItemName>
      <ManufacturerName>לא ידוע</ManufacturerName>
      <ManufactureCountry>לא ידוע</ManufactureCountry>
      <ManufacturerItemDescription>שלי גיל 200 מ"ל     </ManufacturerItemDescription>
      <UnitQty>מיליליטרים</UnitQty>
      <Quantity>200.00</Quantity>
      <bIsWeighted>0</bIsWeighted>
      <UnitOfMeasure>100 מ"ל</UnitOfMeasure>
      <QtyInPackage>1</QtyInPackage>
      <ItemPrice>1.76</ItemPrice>
      <UnitOfMeasurePrice>0.88</UnitOfMeasurePrice>
      <AllowDiscount>1</AllowDiscount>
      <ItemStatus>1</ItemStatus>
    </Item>
    <Item>
      <PriceUpdateDate>2025-05-04 09:05</PriceUpdateDate>
      <ItemCode>7290004125455</ItemCode>
      <ItemType>1</ItemType>
      <ItemName>שמנת חמוצה 15% 200 מ"ל</ItemName>
      <ManufacturerName>לא ידוע</ManufacturerName>
      <ManufactureCountry>לא ידוע</ManufactureCountry>
      <ManufacturerItemDescription>שמנת חמוצה 15% 200 מ</ManufacturerItemDescription>
      <UnitQty>גרמים</UnitQty>
      <Quantity>200.00</Quantity>
      <bIsWeighted>0</bIsWeighted>
      <UnitOfMeasure>100 גרם</UnitOfMeasure>
      <QtyInPackage>1</QtyInPackage>
      <ItemPrice>2.81</ItemPrice>
      <UnitOfMeasurePrice>1.41</UnitOfMeasurePrice>
      <AllowDiscount>1</AllowDiscount>
      <ItemStatus>1</ItemStatus>
    </Item>
    <Item>
      <PriceUpdateDate>2025-05-23 08:10</PriceUpdateDate>
      <ItemCode>7290004125509</ItemCode>
      <ItemType>1</ItemType>
      <ItemName>שמנת חמוצה 100 מ"ל</ItemName>
      <ManufacturerName>לא ידוע</ManufacturerName>
      <ManufactureCountry>לא ידוע</ManufactureCountry>
      <ManufacturerItemDescription>שמנת חמוצה 100 מ"ל  </ManufacturerItemDescription>
      <UnitQty>מיליליטרים</UnitQty>
      <Quantity>100.00</Quantity>
      <bIsWeighted>0</bIsWeighted>
      <UnitOfMeasure>100 מ"ל</UnitOfMeasure>
      <QtyInPackage>1</QtyInPackage>
      <ItemPrice>2.30</ItemPrice>
      <UnitOfMeasurePrice>2.30</UnitOfMeasurePrice>
      <AllowDiscount>1</AllowDiscount>
      <ItemStatus>1</ItemStatus>
    </Item>
    <Item>
      <PriceUpdateDate>2022-05-27 10:30</PriceUpdateDate>
      <ItemCode>7290004125578</ItemCode>
      <ItemType>1</ItemType>
      <ItemName>משקה סויה מועשר 1 ליטר</ItemName>
      <ManufacturerName>לא ידוע</ManufacturerName>
      <ManufactureCountry>לא ידוע</ManufactureCountry>
      <ManufacturerItemDescription>משקה סויה מועשר 1 לי</ManufacturerItemDescription>
      <UnitQty>מיליליטרים</UnitQty>
      <Quantity>1000.00</Quantity>
      <bIsWeighted>0</bIsWeighted>
      <UnitOfMeasure>100 מ"ל</UnitOfMeasure>
      <QtyInPackage>1</QtyInPackage>
      <ItemPrice>12.50</ItemPrice>
      <UnitOfMeasurePrice>1.25</UnitOfMeasurePrice>
      <AllowDiscount>1</AllowDiscount>
      <ItemStatus>1</ItemStatus>
    </Item>
    <Item>
      <PriceUpdateDate>2022-12-01 09:15</PriceUpdateDate>
      <ItemCode>7290004125585</ItemCode>
      <ItemType>1</ItemType>
      <ItemName>משקה סויה על הבוקר 1 ליטר</ItemName>
      <ManufacturerName>לא ידוע</ManufacturerName>
      <ManufactureCountry>לא ידוע</ManufactureCountry>
      <ManufacturerItemDescription>משקה סויה על הבוקר 1</ManufacturerItemDescription>
      <UnitQty>מיליליטרים</UnitQty>
      <Quantity>1000.00</Quantity>
      <bIsWeighted>0</bIsWeighted>
      <UnitOfMeasure>100 מ"ל</UnitOfMeasure>
      <QtyInPackage>1</QtyInPackage>
      <ItemPrice>13.50</ItemPrice>
      <UnitOfMeasurePrice>1.35</UnitOfMeasurePrice>
      <AllowDiscount>1</AllowDiscount>
      <ItemStatus>1</ItemStatus>
    </Item>
    <Item>
      <PriceUpdateDate>2025-05-23 08:10</PriceUpdateDate>
      <ItemCode>7290004125721</ItemCode>
      <ItemType>1</ItemType>
      <ItemName>שמנת לבישול 15% השף הלבן 250 מ"ל</ItemName>
      <ManufacturerName>לא ידוע</ManufacturerName>
      <ManufactureCountry>ישראל</ManufactureCountry>
      <ManufacturerItemDescription>שמנת לבישול 15% השף </ManufacturerItemDescription>
      <UnitQty>גרמים</UnitQty>
      <Quantity>250.00</Quantity>
      <bIsWeighted>0</bIsWeighted>
      <UnitOfMeasure>100 גרם</UnitOfMeasure>
      <QtyInPackage>1</QtyInPackage>
      <ItemPrice>10.70</ItemPrice>
      <UnitOfMeasurePrice>4.28</UnitOfMeasurePrice>
      <AllowDiscount>1</AllowDiscount>
      <ItemStatus>1</ItemStatus>
    </Item>
    <Item>
      <PriceUpdateDate>2025-05-23 08:10</PriceUpdateDate>
      <ItemCode>7290004125776</ItemCode>
      <ItemType>1</ItemType>
      <ItemName>עמק פרוס בקופסה 400גר 28%</ItemName>
      <ManufacturerName>לא ידוע</ManufacturerName>
      <ManufactureCountry>לא ידוע</ManufactureCountry>
      <ManufacturerItemDescription>עמק פרוס בקופסה 400ג</ManufacturerItemDescription>
      <UnitQty>גרמים</UnitQty>
      <Quantity>400.00</Quantity>
      <bIsWeighted>0</bIsWeighted>
      <UnitOfMeasure>100 גרם</UnitOfMeasure>
      <QtyInPackage>1</QtyInPackage>
      <ItemPrice>35.50</ItemPrice>
      <UnitOfMeasurePrice>8.88</UnitOfMeasurePrice>
      <AllowDiscount>1</AllowDiscount>
      <ItemStatus>1</ItemStatus>
    </Item>
    <Item>
      <PriceUpdateDate>2025-11-14 09:53</PriceUpdateDate>
      <ItemCode>7290004126674</ItemCode>
      <ItemType>1</ItemType>
      <ItemName>טל העמק לייט 200 גרם</ItemName>
      <ManufacturerName>לא ידוע</ManufacturerName>
      <ManufactureCountry>לא ידוע</ManufactureCountry>
      <ManufacturerItemDescription>טל העמק לייט 200 גרם</ManufacturerItemDescription>
      <UnitQty>גרמים</UnitQty>
      <Quantity>200.00</Quantity>
      <bIsWeighted>0</bIsWeighted>
      <UnitOfMeasure>100 גרם</UnitOfMeasure>
      <QtyInPackage>1</QtyInPackage>
      <ItemPrice>23.90</ItemPrice>
      <UnitOfMeasurePrice>11.95</UnitOfMeasurePrice>
      <AllowDiscount>1</AllowDiscount>
      <ItemStatus>1</ItemStatus>
    </Item>
    <Item>
      <PriceUpdateDate>2025-05-23 08:10</PriceUpdateDate>
      <ItemCode>7290004126759</ItemCode>
      <ItemType>1</ItemType>
      <ItemName>דיאט יופלה פירות יער 150 גר</ItemName>
      <ManufacturerName>לא ידוע</ManufacturerName>
      <ManufactureCountry>לא ידוע</ManufactureCountry>
      <ManufacturerItemDescription>דיאט יופלה פירות יער</ManufacturerItemDescription>
      <UnitQty>גרמים</UnitQty>
      <Quantity>150.00</Quantity>
      <bIsWeighted>0</bIsWeighted>
      <UnitOfMeasure>100 גרם</UnitOfMeasure>
      <QtyInPackage>1</QtyInPackage>
      <ItemPrice>6.20</ItemPrice>
      <UnitOfMeasurePrice>4.13</UnitOfMeasurePrice>
      <AllowDiscount>1</AllowDiscount>
      <ItemStatus>1</ItemStatus>
    </Item>
    <Item>
      <PriceUpdateDate>2025-05-23 08:10</PriceUpdateDate>
      <ItemCode>7290004127077</ItemCode>
      <ItemType>1</ItemType>
      <ItemName>קוטג 3% 250 גרם</ItemName>
      <ManufacturerName>לא ידוע</ManufacturerName>
      <ManufactureCountry>לא ידוע</ManufactureCountry>
      <ManufacturerItemDescription>קוטג 3% 250 גרם     </ManufacturerItemDescription>
      <UnitQty>גרמים</UnitQty>
      <Quantity>250.00</Quantity>
      <bIsWeighted>0</bIsWeighted>
      <UnitOfMeasure>100 גרם</UnitOfMeasure>
      <QtyInPackage>1</QtyInPackage>
      <ItemPrice>6.70</ItemPrice>
      <UnitOfMeasurePrice>2.68</UnitOfMeasurePrice>
      <AllowDiscount>1</AllowDiscount>
      <ItemStatus>1</ItemStatus>
    </Item>
    <Item>
      <PriceUpdateDate>2025-05-23 08:10</PriceUpdateDate>
      <ItemCode>7290004127329</ItemCode>
      <ItemType>1</ItemType>
      <ItemName>גבינת קוטג  5% 250 גרם</ItemName>
      <ManufacturerName>לא ידוע</ManufacturerName>
      <ManufactureCountry>לא ידוע</ManufactureCountry>
      <ManufacturerItemDescription>גבינת קוטג 5% 250 גר</ManufacturerItemDescription>
      <UnitQty>גרמים</UnitQty>
      <Quantity>250.00</Quantity>
      <bIsWeighted>0</bIsWeighted>
      <UnitOfMeasure>100 גרם</UnitOfMeasure>
      <QtyInPackage>1</QtyInPackage>
      <ItemPrice>6.70</ItemPrice>
      <UnitOfMeasurePrice>2.68</UnitOfMeasurePrice>
      <AllowDiscount>1</AllowDiscount>
      <ItemStatus>1</ItemStatus>
    </Item>
    <Item>
      <PriceUpdateDate>2025-05-23 08:10</PriceUpdateDate>
      <ItemCode>7290004127336</ItemCode>
      <ItemType>1</ItemType>
      <ItemName>גבינת קוטג 9% 250 גרם</ItemName>
      <ManufacturerName>לא ידוע</ManufacturerName>
      <ManufactureCountry>לא ידוע</ManufactureCountry>
      <ManufacturerItemDescription>גבינת קוטג 9% 250 גר</ManufacturerItemDescription>
      <UnitQty>גרמים</UnitQty>
      <Quantity>250.00</Quantity>
      <bIsWeighted>0</bIsWeighted>
      <UnitOfMeasure>100 גרם</UnitOfMeasure>
      <QtyInPackage>1</QtyInPackage>
      <ItemPrice>6.70</ItemPrice>
      <UnitOfMeasurePrice>2.68</UnitOfMeasurePrice>
      <AllowDiscount>1</AllowDiscount>
      <ItemStatus>1</ItemStatus>
    </Item>
    <Item>
      <PriceUpdateDate>2025-05-04 09:05</PriceUpdateDate>
      <ItemCode>7290004127800</ItemCode>
      <ItemType>1</ItemType>
      <ItemName>גבינה לבנה למריחה 5% 500 גר</ItemName>
      <ManufacturerName>לא ידוע</ManufacturerName>
      <ManufactureCountry>לא ידוע</ManufactureCountry>
      <ManufacturerItemDescription>גבינה לבנה למריחה 5%</ManufacturerItemDescription>
      <UnitQty>גרמים</UnitQty>
      <Quantity>500.00</Quantity>
      <bIsWeighted>0</bIsWeighted>
      <UnitOfMeasure>100 גרם</UnitOfMeasure>
      <QtyInPackage>1</QtyInPackage>
      <ItemPrice>11.60</ItemPrice>
      <UnitOfMeasurePrice>2.32</UnitOfMeasurePrice>
      <AllowDiscount>1</AllowDiscount>
      <ItemStatus>1</ItemStatus>
    </Item>
    <Item>
      <PriceUpdateDate>2025-05-23 08:10</PriceUpdateDate>
      <ItemCode>7290004127817</ItemCode>
      <ItemType>1</ItemType>
      <ItemName>גבינה למריחה 9% 500 גרם</ItemName>
      <ManufacturerName>לא ידוע</ManufacturerName>
      <ManufactureCountry>לא ידוע</ManufactureCountry>
      <ManufacturerItemDescription>גבינה למריחה 9% 500 </ManufacturerItemDescription>
      <UnitQty>גרמים</UnitQty>
      <Quantity>500.00</Quantity>
      <bIsWeighted>0</bIsWeighted>
      <UnitOfMeasure>100 גרם</UnitOfMeasure>
      <QtyInPackage>1</QtyInPackage>
      <ItemPrice>14.20</ItemPrice>
      <UnitOfMeasurePrice>2.84</UnitOfMeasurePrice>
      <AllowDiscount>1</AllowDiscount>
      <ItemStatus>1</ItemStatus>
    </Item>
    <Item>
      <PriceUpdateDate>2025-05-21 08:35</PriceUpdateDate>
      <ItemCode>7290004128333</ItemCode>
      <ItemType>1</ItemType>
      <ItemName>גבינה לאבנה 9% 500 גרם</ItemName>
      <ManufacturerName>לא ידוע</ManufacturerName>
      <ManufactureCountry>לא ידוע</ManufactureCountry>
      <ManufacturerItemDescription>גבינה לאבנה 9% 500 ג</ManufacturerItemDescription>
      <UnitQty>גרמים</UnitQty>
      <Quantity>500.00</Quantity>
      <bIsWeighted>0</bIsWeighted>
      <UnitOfMeasure>100 גרם</UnitOfMeasure>
      <QtyInPackage>1</QtyInPackage>
      <ItemPrice>26.90</ItemPrice>
      <UnitOfMeasurePrice>5.38</UnitOfMeasurePrice>
      <AllowDiscount>1</AllowDiscount>
      <ItemStatus>1</ItemStatus>
    </Item>
    <Item>
      <PriceUpdateDate>2025-05-23 08:10</PriceUpdateDate>
      <ItemCode>7290004128432</ItemCode>
      <ItemType>1</ItemType>
      <ItemName>פתיתים מיוחדים לפיצה על בסיס גבינה 500 ג</ItemName>
      <ManufacturerName>לא ידוע</ManufacturerName>
      <ManufactureCountry>לא ידוע</ManufactureCountry>
      <ManufacturerItemDescription>פתיתים מיוחדים לפיצה</ManufacturerItemDescription>
      <UnitQty>גרמים</UnitQty>
      <Quantity>500.00</Quantity>
      <bIsWeighted>0</bIsWeighted>
      <UnitOfMeasure>100 גרם</UnitOfMeasure>
      <QtyInPackage>1</QtyInPackage>
      <ItemPrice>27.90</ItemPrice>
      <UnitOfMeasurePrice>5.58</UnitOfMeasurePrice>
      <AllowDiscount>1</AllowDiscount>
      <ItemStatus>1</ItemStatus>
    </Item>
    <Item>
      <PriceUpdateDate>2025-05-23 08:04</PriceUpdateDate>
      <ItemCode>7290004129101</ItemCode>
      <ItemType>1</ItemType>
      <ItemName>נפוליאון טבעי 225 גרם</ItemName>
      <ManufacturerName>לא ידוע</ManufacturerName>
      <ManufactureCountry>לא ידוע</ManufactureCountry>
      <ManufacturerItemDescription>נפוליאון טבעי 225 גר</ManufacturerItemDescription>
      <UnitQty>גרמים</UnitQty>
      <Quantity>225.00</Quantity>
      <bIsWeighted>0</bIsWeighted>
      <UnitOfMeasure>100 גרם</UnitOfMeasure>
      <QtyInPackage>1</QtyInPackage>
      <ItemPrice>16.90</ItemPrice>
      <UnitOfMeasurePrice>7.51</UnitOfMeasurePrice>
      <AllowDiscount>1</AllowDiscount>
      <ItemStatus>1</ItemStatus>
    </Item>
    <Item>
      <PriceUpdateDate>2025-05-23 08:04</PriceUpdateDate>
      <ItemCode>7290004129118</ItemCode>
      <ItemType>1</ItemType>
      <ItemName>נפוליאון זיתים 225 גרם</ItemName>
      <ManufacturerName>לא ידוע</ManufacturerName>
      <ManufactureCountry>לא ידוע</ManufactureCountry>
      <ManufacturerItemDescription>נפוליאון זיתים 225 ג</ManufacturerItemDescription>
      <UnitQty>גרמים</UnitQty>
      <Quantity>225.00</Quantity>
      <bIsWeighted>0</bIsWeighted>
      <UnitOfMeasure>100 גרם</UnitOfMeasure>
      <QtyInPackage>1</QtyInPackage>
      <ItemPrice>16.90</ItemPrice>
      <UnitOfMeasurePrice>7.51</UnitOfMeasurePrice>
      <AllowDiscount>1</AllowDiscount>
      <ItemStatus>1</ItemStatus>
    </Item>
    <Item>
      <PriceUpdateDate>2025-05-23 08:04</PriceUpdateDate>
      <ItemCode>7290004129156</ItemCode>
      <ItemType>1</ItemType>
      <ItemName>נפוליאון שום שמיר 225 גרם</ItemName>
      <ManufacturerName>לא ידוע</ManufacturerName>
      <ManufactureCountry>לא ידוע</ManufactureCountry>
      <ManufacturerItemDescription>נפוליאון שום שמיר 22</ManufacturerItemDescription>
      <UnitQty>גרמים</UnitQty>
      <Quantity>225.00</Quantity>
      <bIsWeighted>0</bIsWeighted>
      <UnitOfMeasure>100 גרם</UnitOfMeasure>
      <QtyInPackage>1</QtyInPackage>
      <ItemPrice>16.90</ItemPrice>
      <UnitOfMeasurePrice>7.51</UnitOfMeasurePrice>
      <AllowDiscount>1</AllowDiscount>
      <ItemStatus>1</ItemStatus>
    </Item>
    <Item>
      <PriceUpdateDate>2025-05-23 08:05</PriceUpdateDate>
      <ItemCode>7290004129545</ItemCode>
      <ItemType>1</ItemType>
      <ItemName>גבינת תנובה 3% 250 גרם</ItemName>
      <ManufacturerName>לא ידוע</ManufacturerName>
      <ManufactureCountry>לא ידוע</ManufactureCountry>
      <ManufacturerItemDescription>גבינת תנובה 3% 250 ג</ManufacturerItemDescription>
      <UnitQty>גרמים</UnitQty>
      <Quantity>250.00</Quantity>
      <bIsWeighted>0</bIsWeighted>
      <UnitOfMeasure>100 גרם</UnitOfMeasure>
      <QtyInPackage>1</QtyInPackage>
      <ItemPrice>7.50</ItemPrice>
      <UnitOfMeasurePrice>3.00</UnitOfMeasurePrice>
      <AllowDiscount>1</AllowDiscount>
      <ItemStatus>1</ItemStatus>
    </Item>
    <Item>
      <PriceUpdateDate>2023-05-11 09:02</PriceUpdateDate>
      <ItemCode>7290004130794</ItemCode>
      <ItemType>1</ItemType>
      <ItemName>משקה סויה טבעי מתיקות מופחתת 1ל</ItemName>
      <ManufacturerName>לא ידוע</ManufacturerName>
      <ManufactureCountry>לא ידוע</ManufactureCountry>
      <ManufacturerItemDescription>משקה סויה טבעי מתיקו</ManufacturerItemDescription>
      <UnitQty>מיליליטרים</UnitQty>
      <Quantity>1000.00</Quantity>
      <bIsWeighted>0</bIsWeighted>
      <UnitOfMeasure>100 מ"ל</UnitOfMeasure>
      <QtyInPackage>1</QtyInPackage>
      <ItemPrice>15.60</ItemPrice>
      <UnitOfMeasurePrice>1.56</UnitOfMeasurePrice>
      <AllowDiscount>1</AllowDiscount>
      <ItemStatus>1</ItemStatus>
    </Item>
    <Item>
      <PriceUpdateDate>2025-05-23 08:10</PriceUpdateDate>
      <ItemCode>7290004130916</ItemCode>
      <ItemType>1</ItemType>
      <ItemName>יופלה פירות יער בשמנת 150 גר</ItemName>
      <ManufacturerName>לא ידוע</ManufacturerName>
      <ManufactureCountry>לא ידוע</ManufactureCountry>
      <ManufacturerItemDescription>יופלה פירות יער בשמנ</ManufacturerItemDescription>
      <UnitQty>גרמים</UnitQty>
      <Quantity>150.00</Quantity>
      <bIsWeighted>0</bIsWeighted>
      <UnitOfMeasure>100 גרם</UnitOfMeasure>
      <QtyInPackage>1</QtyInPackage>
      <ItemPrice>6.20</ItemPrice>
      <UnitOfMeasurePrice>4.13</UnitOfMeasurePrice>
      <AllowDiscount>1</AllowDiscount>
      <ItemStatus>1</ItemStatus>
    </Item>
    <Item>
      <PriceUpdateDate>2025-05-09 11:33</PriceUpdateDate>
      <ItemCode>7290004131074</ItemCode>
      <ItemType>1</ItemType>
      <ItemName>חלב קרטון+פקק 3% תנובה 1 ליטר</ItemName>
      <ManufacturerName>לא ידוע</ManufacturerName>
      <ManufactureCountry>לא ידוע</ManufactureCountry>
      <ManufacturerItemDescription>חלב קרטון+פקק 3% תנו</ManufacturerItemDescription>
      <UnitQty>מיליליטרים</UnitQty>
      <Quantity>1000.00</Quantity>
      <bIsWeighted>0</bIsWeighted>
      <UnitOfMeasure>100 מ"ל</UnitOfMeasure>
      <QtyInPackage>1</QtyInPackage>
      <ItemPrice>7.28</ItemPrice>
      <UnitOfMeasurePrice>0.73</UnitOfMeasurePrice>
      <AllowDiscount>1</AllowDiscount>
      <ItemStatus>1</ItemStatus>
    </Item>
    <Item>
      <PriceUpdateDate>2025-05-21 08:40</PriceUpdateDate>
      <ItemCode>7290004132712</ItemCode>
      <ItemType>1</ItemType>
      <ItemName>אצבעות מוצרלה 172 גר</ItemName>
      <ManufacturerName>לא ידוע</ManufacturerName>
      <ManufactureCountry>לא ידוע</ManufactureCountry>
      <ManufacturerItemDescription>אצבעות מוצרלה 172 גר</ManufacturerItemDescription>
      <UnitQty>גרמים</UnitQty>
      <Quantity>172.00</Quantity>
      <bIsWeighted>0</bIsWeighted>
      <UnitOfMeasure>100 גרם</UnitOfMeasure>
      <QtyInPackage>1</QtyInPackage>
      <ItemPrice>21.50</ItemPrice>
      <UnitOfMeasurePrice>12.50</UnitOfMeasurePrice>
      <AllowDiscount>1</AllowDiscount>
      <ItemStatus>1</ItemStatus>
    </Item>
    <Item>
      <PriceUpdateDate>2025-05-21 08:25</PriceUpdateDate>
      <ItemCode>7290004135614</ItemCode>
      <ItemType>1</ItemType>
      <ItemName>פיראוס בולגרית מעודנת 5% 250 גר</ItemName>
      <ManufacturerName>לא ידוע</ManufacturerName>
      <ManufactureCountry>לא ידוע</ManufactureCountry>
      <ManufacturerItemDescription>פיראוס בולגרית מעודנ</ManufacturerItemDescription>
      <UnitQty>גרמים</UnitQty>
      <Quantity>250.00</Quantity>
      <bIsWeighted>0</bIsWeighted>
      <UnitOfMeasure>100 גרם</UnitOfMeasure>
      <QtyInPackage>1</QtyInPackage>
      <ItemPrice>28.40</ItemPrice>
      <UnitOfMeasurePrice>11.36</UnitOfMeasurePrice>
      <AllowDiscount>1</AllowDiscount>
      <ItemStatus>1</ItemStatus>
    </Item>
    <Item>
      <PriceUpdateDate>2024-11-21 16:52</PriceUpdateDate>
      <ItemCode>7290004136857</ItemCode>
      <ItemType>1</ItemType>
      <ItemName>גלי פטל 125גר</ItemName>
      <ManufacturerName>לא ידוע</ManufacturerName>
      <ManufactureCountry>לא ידוע</ManufactureCountry>
      <ManufacturerItemDescription>גלי פטל 125גר       </ManufacturerItemDescription>
      <UnitQty>גרמים</UnitQty>
      <Quantity>125.00</Quantity>
      <bIsWeighted>0</bIsWeighted>
      <UnitOfMeasure>100 גרם</UnitOfMeasure>
      <QtyInPackage>1</QtyInPackage>
      <ItemPrice>3.10</ItemPrice>
      <UnitOfMeasurePrice>2.48</UnitOfMeasurePrice>
      <AllowDiscount>1</AllowDiscount>
      <ItemStatus>1</ItemStatus>
    </Item>
    <Item>
      <PriceUpdateDate>2025-05-23 08:10</PriceUpdateDate>
      <ItemCode>7290004137311</ItemCode>
      <ItemType>1</ItemType>
      <ItemName>עמק לייט פרוס 9% 400 גר</ItemName>
      <ManufacturerName>לא ידוע</ManufacturerName>
      <ManufactureCountry>לא ידוע</ManufactureCountry>
      <ManufacturerItemDescription>עמק לייט פרוס 9% 400</ManufacturerItemDescription>
      <UnitQty>גרמים</UnitQty>
      <Quantity>400.00</Quantity>
      <bIsWeighted>0</bIsWeighted>
      <UnitOfMeasure>100 גרם</UnitOfMeasure>
      <QtyInPackage>1</QtyInPackage>
      <ItemPrice>38.50</ItemPrice>
      <UnitOfMeasurePrice>9.63</UnitOfMeasurePrice>
      <AllowDiscount>1</AllowDiscount>
      <ItemStatus>1</ItemStatus>
    </Item>
    <Item>
      <PriceUpdateDate>2025-05-23 08:10</PriceUpdateDate>
      <ItemCode>7290004137809</ItemCode>
      <ItemType>1</ItemType>
      <ItemName>פיראוס לאבנה 5% 250 גר</ItemName>
      <ManufacturerName>לא ידוע</ManufacturerName>
      <ManufactureCountry>לא ידוע</ManufactureCountry>
      <ManufacturerItemDescription>פיראוס לאבנה 5% 250 </ManufacturerItemDescription>
      <UnitQty>גרמים</UnitQty>
      <Quantity>250.00</Quantity>
      <bIsWeighted>0</bIsWeighted>
      <UnitOfMeasure>100 גרם</UnitOfMeasure>
      <QtyInPackage>1</QtyInPackage>
      <ItemPrice>18.80</ItemPrice>
      <UnitOfMeasurePrice>7.52</UnitOfMeasurePrice>
      <AllowDiscount>1</AllowDiscount>
      <ItemStatus>1</ItemStatus>
    </Item>
    <Item>
      <PriceUpdateDate>2024-07-17 08:32</PriceUpdateDate>
      <ItemCode>7290004200930</ItemCode>
      <ItemType>1</ItemType>
      <ItemName>זוג זיקוק 15 בשקית</ItemName>
      <ManufacturerName>לא ידוע</ManufacturerName>
      <ManufactureCountry>לא ידוע</ManufactureCountry>
      <ManufacturerItemDescription>זוג זיקוק 15 בשקית  </ManufacturerItemDescription>
      <UnitQty>Unknown</UnitQty>
      <Quantity>0.00</Quantity>
      <bIsWeighted>0</bIsWeighted>
      <UnitOfMeasure>Unknown</UnitOfMeasure>
      <QtyInPackage>1</QtyInPackage>
      <ItemPrice>11.00</ItemPrice>
      <UnitOfMeasurePrice>11.00</UnitOfMeasurePrice>
      <AllowDiscount>1</AllowDiscount>
      <ItemStatus>1</ItemStatus>
    </Item>
    <Item>
      <PriceUpdateDate>2025-03-25 06:57</PriceUpdateDate>
      <ItemCode>7290004219079</ItemCode>
      <ItemType>1</ItemType>
      <ItemName>לבבות דקל חתוך 400 גרם</ItemName>
      <ManufacturerName>לא ידוע</ManufacturerName>
      <ManufactureCountry>לא ידוע</ManufactureCountry>
      <ManufacturerItemDescription>לבבות דקל חתוך 400 ג</ManufacturerItemDescription>
      <UnitQty>גרמים</UnitQty>
      <Quantity>400.00</Quantity>
      <bIsWeighted>0</bIsWeighted>
      <UnitOfMeasure>100 גרם</UnitOfMeasure>
      <QtyInPackage>1</QtyInPackage>
      <ItemPrice>13.50</ItemPrice>
      <UnitOfMeasurePrice>3.38</UnitOfMeasurePrice>
      <AllowDiscount>1</AllowDiscount>
      <ItemStatus>1</ItemStatus>
    </Item>
    <Item>
      <PriceUpdateDate>2025-03-25 06:57</PriceUpdateDate>
      <ItemCode>7290004219277</ItemCode>
      <ItemType>1</ItemType>
      <ItemName>אנשובי ארוך בצנצנת 80 גרם</ItemName>
      <ManufacturerName>לא ידוע</ManufacturerName>
      <ManufactureCountry>לא ידוע</ManufactureCountry>
      <ManufacturerItemDescription>אנשובי ארוך בצנצנת 8</ManufacturerItemDescription>
      <UnitQty>גרמים</UnitQty>
      <Quantity>80.00</Quantity>
      <bIsWeighted>0</bIsWeighted>
      <UnitOfMeasure>100 גרם</UnitOfMeasure>
      <QtyInPackage>1</QtyInPackage>
      <ItemPrice>19.50</ItemPrice>
      <UnitOfMeasurePrice>24.38</UnitOfMeasurePrice>
      <AllowDiscount>1</AllowDiscount>
      <ItemStatus>1</ItemStatus>
    </Item>
    <Item>
      <PriceUpdateDate>2025-03-20 12:19</PriceUpdateDate>
      <ItemCode>7290004221409</ItemCode>
      <ItemType>1</ItemType>
      <ItemName>וובר רוטב חזרת 453 גרם בקבוק לחיץ</ItemName>
      <ManufacturerName>לא ידוע</ManufacturerName>
      <ManufactureCountry>לא ידוע</ManufactureCountry>
      <ManufacturerItemDescription>וובר רוטב חזרת 453 ג</ManufacturerItemDescription>
      <UnitQty>גרמים</UnitQty>
      <Quantity>453.00</Quantity>
      <bIsWeighted>0</bIsWeighted>
      <UnitOfMeasure>100 גרם</UnitOfMeasure>
      <QtyInPackage>1</QtyInPackage>
      <ItemPrice>32.90</ItemPrice>
      <UnitOfMeasurePrice>7.26</UnitOfMeasurePrice>
      <AllowDiscount>1</AllowDiscount>
      <ItemStatus>1</ItemStatus>
    </Item>
    <Item>
      <PriceUpdateDate>2025-03-25 06:55</PriceUpdateDate>
      <ItemCode>7290004339425</ItemCode>
      <ItemType>1</ItemType>
      <ItemName>שווארמה מהצומח טבע דלי 350 גר</ItemName>
      <ManufacturerName>לא ידוע</ManufacturerName>
      <ManufactureCountry>לא ידוע</ManufactureCountry>
      <ManufacturerItemDescription>שווארמה מהצומח טבע ד</ManufacturerItemDescription>
      <UnitQty>גרמים</UnitQty>
      <Quantity>350.00</Quantity>
      <bIsWeighted>0</bIsWeighted>
      <UnitOfMeasure>100 גרם</UnitOfMeasure>
      <QtyInPackage>1</QtyInPackage>
      <ItemPrice>32.90</ItemPrice>
      <UnitOfMeasurePrice>9.40</UnitOfMeasurePrice>
      <AllowDiscount>1</AllowDiscount>
      <ItemStatus>1</ItemStatus>
    </Item>
    <Item>
      <PriceUpdateDate>2024-11-18 15:58</PriceUpdateDate>
      <ItemCode>7290004480349</ItemCode>
      <ItemType>1</ItemType>
      <ItemName>גאודה עזים משולשים במשקל</ItemName>
      <ManufacturerName>לא ידוע</ManufacturerName>
      <ManufactureCountry />
      <ManufacturerItemDescription>גאודה עזים משולשים ב</ManufacturerItemDescription>
      <UnitQty>Unknown</UnitQty>
      <Quantity>0.00</Quantity>
      <bIsWeighted>1</bIsWeighted>
      <UnitOfMeasure>ק"ג</UnitOfMeasure>
      <QtyInPackage>0</QtyInPackage>
      <ItemPrice>164.00</ItemPrice>
      <UnitOfMeasurePrice>164.00</UnitOfMeasurePrice>
      <AllowDiscount>1</AllowDiscount>
      <ItemStatus>1</ItemStatus>
    </Item>
    <Item>
      <PriceUpdateDate>2025-01-30 07:58</PriceUpdateDate>
      <ItemCode>7290004480363</ItemCode>
      <ItemType>1</ItemType>
      <ItemName>קאשקבל במשקל</ItemName>
      <ManufacturerName>לא ידוע</ManufacturerName>
      <ManufactureCountry>לא ידוע</ManufactureCountry>
      <ManufacturerItemDescription>קאשקבל במשקל        </ManufacturerItemDescription>
      <UnitQty>Unknown</UnitQty>
      <Quantity>0.00</Quantity>
      <bIsWeighted>1</bIsWeighted>
      <UnitOfMeasure>ק"ג</UnitOfMeasure>
      <QtyInPackage>0</QtyInPackage>
      <ItemPrice>165.00</ItemPrice>
      <UnitOfMeasurePrice>165.00</UnitOfMeasurePrice>
      <AllowDiscount>1</AllowDiscount>
      <ItemStatus>1</ItemStatus>
    </Item>
    <Item>
      <PriceUpdateDate>2025-07-03 13:36</PriceUpdateDate>
      <ItemCode>7290004480493</ItemCode>
      <ItemType>1</ItemType>
      <ItemName>משולש ברי צרפתי במשקל</ItemName>
      <ManufacturerName>לא ידוע</ManufacturerName>
      <ManufactureCountry>צרפת</ManufactureCountry>
      <ManufacturerItemDescription>משולש ברי צרפתי במשק</ManufacturerItemDescription>
      <UnitQty>Unknown</UnitQty>
      <Quantity>0.00</Quantity>
      <bIsWeighted>1</bIsWeighted>
      <UnitOfMeasure>ק"ג</UnitOfMeasure>
      <QtyInPackage>0</QtyInPackage>
      <ItemPrice>155.00</ItemPrice>
      <UnitOfMeasurePrice>155.00</UnitOfMeasurePrice>
      <AllowDiscount>1</AllowDiscount>
      <ItemStatus>1</ItemStatus>
    </Item>
    <Item>
      <PriceUpdateDate>2025-08-13 14:51</PriceUpdateDate>
      <ItemCode>7290004584351</ItemCode>
      <ItemType>1</ItemType>
      <ItemName>סימפוניה 5% 200 גרם</ItemName>
      <ManufacturerName>לא ידוע</ManufacturerName>
      <ManufactureCountry>לא ידוע</ManufactureCountry>
      <ManufacturerItemDescription>סימפוניה 5% 200 גרם </ManufacturerItemDescription>
      <UnitQty>גרמים</UnitQty>
      <Quantity>200.00</Quantity>
      <bIsWeighted>0</bIsWeighted>
      <UnitOfMeasure>100 גרם</UnitOfMeasure>
      <QtyInPackage>1</QtyInPackage>
      <ItemPrice>13.30</ItemPrice>
      <UnitOfMeasurePrice>6.65</UnitOfMeasurePrice>
      <AllowDiscount>1</AllowDiscount>
      <ItemStatus>1</ItemStatus>
    </Item>
    <Item>
      <PriceUpdateDate>2025-09-16 12:36</PriceUpdateDate>
      <ItemCode>7290004584528</ItemCode>
      <ItemType>1</ItemType>
      <ItemName>יוגורט דנונה ביו טבעי 1.7% 200 גרם</ItemName>
      <ManufacturerName>לא ידוע</ManufacturerName>
      <ManufactureCountry>לא ידוע</ManufactureCountry>
      <ManufacturerItemDescription>יוגורט דנונה ביו טבע</ManufacturerItemDescription>
      <UnitQty>גרמים</UnitQty>
      <Quantity>200.00</Quantity>
      <bIsWeighted>0</bIsWeighted>
      <UnitOfMeasure>100 גרם</UnitOfMeasure>
      <QtyInPackage>1</QtyInPackage>
      <ItemPrice>5.00</ItemPrice>
      <UnitOfMeasurePrice>2.50</UnitOfMeasurePrice>
      <AllowDiscount>1</AllowDiscount>
      <ItemStatus>1</ItemStatus>
    </Item>
    <Item>
      <PriceUpdateDate>2024-07-14 17:22</PriceUpdateDate>
      <ItemCode>7290004685089</ItemCode>
      <ItemType>1</ItemType>
      <ItemName>לחם חמניות 500 גרם</ItemName>
      <ManufacturerName>לא ידוע</ManufacturerName>
      <ManufactureCountry>לא ידוע</ManufactureCountry>
      <ManufacturerItemDescription>לחם חמניות 500 גרם  </ManufacturerItemDescription>
      <UnitQty>גרמים</UnitQty>
      <Quantity>500.00</Quantity>
      <bIsWeighted>0</bIsWeighted>
      <UnitOfMeasure>100 גרם</UnitOfMeasure>
      <QtyInPackage>1</QtyInPackage>
      <ItemPrice>18.90</ItemPrice>
      <UnitOfMeasurePrice>3.78</UnitOfMeasurePrice>
      <AllowDiscount>1</AllowDiscount>
      <ItemStatus>1</ItemStatus>
    </Item>
    <Item>
      <PriceUpdateDate>2024-07-14 17:21</PriceUpdateDate>
      <ItemCode>7290004685157</ItemCode>
      <ItemType>1</ItemType>
      <ItemName>לחם שיפון 100%</ItemName>
      <ManufacturerName>לא ידוע</ManufacturerName>
      <ManufactureCountry>לא ידוע</ManufactureCountry>
      <ManufacturerItemDescription>לחם שיפון 100%      </ManufacturerItemDescription>
      <UnitQty>גרמים</UnitQty>
      <Quantity>750.00</Quantity>
      <bIsWeighted>0</bIsWeighted>
      <UnitOfMeasure>100 גרם</UnitOfMeasure>
      <QtyInPackage>1</QtyInPackage>
      <ItemPrice>18.90</ItemPrice>
      <UnitOfMeasurePrice>2.52</UnitOfMeasurePrice>
      <AllowDiscount>1</AllowDiscount>
      <ItemStatus>1</ItemStatus>
    </Item>
    <Item>
      <PriceUpdateDate>2024-07-14 10:18</PriceUpdateDate>
      <ItemCode>7290004685195</ItemCode>
      <ItemType>1</ItemType>
      <ItemName>לחם 10 דגנים</ItemName>
      <ManufacturerName>לא ידוע</ManufacturerName>
      <ManufactureCountry>לא ידוע</ManufactureCountry>
      <ManufacturerItemDescription>לחם 10 דגנים        </ManufacturerItemDescription>
      <UnitQty>גרמים</UnitQty>
      <Quantity>750.00</Quantity>
      <bIsWeighted>0</bIsWeighted>
      <UnitOfMeasure>100 גרם</UnitOfMeasure>
      <QtyInPackage>1</QtyInPackage>
      <ItemPrice>18.90</ItemPrice>
      <UnitOfMeasurePrice>2.52</UnitOfMeasurePrice>
      <AllowDiscount>1</AllowDiscount>
      <ItemStatus>1</ItemStatus>
    </Item>
    <Item>
      <PriceUpdateDate>2024-07-14 17:22</PriceUpdateDate>
      <ItemCode>7290004685430</ItemCode>
      <ItemType>1</ItemType>
      <ItemName>לחם כוסמין 100% 500 גר</ItemName>
      <ManufacturerName>לא ידוע</ManufacturerName>
      <ManufactureCountry>לא ידוע</ManufactureCountry>
      <ManufacturerItemDescription>לחם כוסמין 100% 500 </ManufacturerItemDescription>
      <UnitQty>גרמים</UnitQty>
      <Quantity>500.00</Quantity>
      <bIsWeighted>0</bIsWeighted>
      <UnitOfMeasure>100 גרם</UnitOfMeasure>
      <QtyInPackage>1</QtyInPackage>
      <ItemPrice>18.90</ItemPrice>
      <UnitOfMeasurePrice>3.78</UnitOfMeasurePrice>
      <AllowDiscount>1</AllowDiscount>
      <ItemStatus>1</ItemStatus>
    </Item>
    <Item>
      <PriceUpdateDate>2023-12-26 14:27</PriceUpdateDate>
      <ItemCode>7290004731472</ItemCode>
      <ItemType>1</ItemType>
      <ItemName>אלסבון כיף שלישייה 1.5 ל</ItemName>
      <ManufacturerName>לא ידוע</ManufacturerName>
      <ManufactureCountry>לא ידוע</ManufactureCountry>
      <ManufacturerItemDescription>אלסבון כיף שלישייה 5</ManufacturerItemDescription>
      <UnitQty>ליטרים</UnitQty>
      <Quantity>0.00</Quantity>
      <bIsWeighted>0</bIsWeighted>
      <UnitOfMeasure>ליטר</UnitOfMeasure>
      <QtyInPackage>1</QtyInPackage>
      <ItemPrice>24.90</ItemPrice>
      <UnitOfMeasurePrice>24.90</UnitOfMeasurePrice>
      <AllowDiscount>1</AllowDiscount>
      <ItemStatus>1</ItemStatus>
    </Item>
    <Item>
      <PriceUpdateDate>2025-03-20 09:44</PriceUpdateDate>
      <ItemCode>7290004737719</ItemCode>
      <ItemType>1</ItemType>
      <ItemName>אספרגוס שלם מקולף 330 גרם צנצנת</ItemName>
      <ManufacturerName>לא ידוע</ManufacturerName>
      <ManufactureCountry>לא ידוע</ManufactureCountry>
      <ManufacturerItemDescription>אספרגוס שלם מקולף 33</ManufacturerItemDescription>
      <UnitQty>גרמים</UnitQty>
      <Quantity>330.00</Quantity>
      <bIsWeighted>0</bIsWeighted>
      <UnitOfMeasure>100 גרם</UnitOfMeasure>
      <QtyInPackage>1</QtyInPackage>
      <ItemPrice>14.50</ItemPrice>
      <UnitOfMeasurePrice>4.39</UnitOfMeasurePrice>
      <AllowDiscount>1</AllowDiscount>
      <ItemStatus>1</ItemStatus>
    </Item>
    <Item>
      <PriceUpdateDate>2025-03-20 12:21</PriceUpdateDate>
      <ItemCode>7290004737900</ItemCode>
      <ItemType>1</ItemType>
      <ItemName>חלב מרוכז ממותק וילי פוד 397 גר</ItemName>
      <ManufacturerName>לא ידוע</ManufacturerName>
      <ManufactureCountry>ספרד</ManufactureCountry>
      <ManufacturerItemDescription>חלב מרוכז ממותק וילי</ManufacturerItemDescription>
      <UnitQty>גרמים</UnitQty>
      <Quantity>397.00</Quantity>
      <bIsWeighted>0</bIsWeighted>
      <UnitOfMeasure>100 גרם</UnitOfMeasure>
      <QtyInPackage>1</QtyInPackage>
      <ItemPrice>14.20</ItemPrice>
      <UnitOfMeasurePrice>3.58</UnitOfMeasurePrice>
      <AllowDiscount>1</AllowDiscount>
      <ItemStatus>1</ItemStatus>
    </Item>
    <Item>
      <PriceUpdateDate>2025-03-20 09:38</PriceUpdateDate>
      <ItemCode>7290004982355</ItemCode>
      <ItemType>1</ItemType>
      <ItemName>טריפל צדר במשקל</ItemName>
      <ManufacturerName>לא ידוע</ManufacturerName>
      <ManufactureCountry>לא ידוע</ManufactureCountry>
      <ManufacturerItemDescription>טריפל צדר במשקל     </ManufacturerItemDescription>
      <UnitQty>Unknown</UnitQty>
      <Quantity>0.00</Quantity>
      <bIsWeighted>1</bIsWeighted>
      <UnitOfMeasure>ק"ג</UnitOfMeasure>
      <QtyInPackage>0</QtyInPackage>
      <ItemPrice>159.00</ItemPrice>
      <UnitOfMeasurePrice>159.00</UnitOfMeasurePrice>
      <AllowDiscount>1</AllowDiscount>
      <ItemStatus>1</ItemStatus>
    </Item>
    <Item>
      <PriceUpdateDate>2024-04-03 18:20</PriceUpdateDate>
      <ItemCode>7290005020162</ItemCode>
      <ItemType>1</ItemType>
      <ItemName>וויסקי בלנטייניס 700 מ"ל</ItemName>
      <ManufacturerName>לא ידוע</ManufacturerName>
      <ManufactureCountry>לא ידוע</ManufactureCountry>
      <ManufacturerItemDescription>וויסקי בלנטיינס 700 </ManufacturerItemDescription>
      <UnitQty>מיליליטרים</UnitQty>
      <Quantity>700.00</Quantity>
      <bIsWeighted>0</bIsWeighted>
      <UnitOfMeasure>100 מ"ל</UnitOfMeasure>
      <QtyInPackage>1</QtyInPackage>
      <ItemPrice>96.90</ItemPrice>
      <UnitOfMeasurePrice>13.84</UnitOfMeasurePrice>
      <AllowDiscount>1</AllowDiscount>
      <ItemStatus>1</ItemStatus>
    </Item>
    <Item>
      <PriceUpdateDate>2025-05-23 08:09</PriceUpdateDate>
      <ItemCode>7290005079665</ItemCode>
      <ItemType>1</ItemType>
      <ItemName>נעם גבינה צהובה 9% במשקל</ItemName>
      <ManufacturerName>לא ידוע</ManufacturerName>
      <ManufactureCountry>IL</ManufactureCountry>
      <ManufacturerItemDescription>נעם גבינה צהובה 9% ב</ManufacturerItemDescription>
      <UnitQty>Unknown</UnitQty>
      <Quantity>0.00</Quantity>
      <bIsWeighted>1</bIsWeighted>
      <UnitOfMeasure>ק"ג</UnitOfMeasure>
      <QtyInPackage>0</QtyInPackage>
      <ItemPrice>113.00</ItemPrice>
      <UnitOfMeasurePrice>113.00</UnitOfMeasurePrice>
      <AllowDiscount>1</AllowDiscount>
      <ItemStatus>1</ItemStatus>
    </Item>
    <Item>
      <PriceUpdateDate>2025-05-04 09:05</PriceUpdateDate>
      <ItemCode>7290005079672</ItemCode>
      <ItemType>1</ItemType>
      <ItemName>נעם גבינה צהובה 22% במשקל</ItemName>
      <ManufacturerName>לא ידוע</ManufacturerName>
      <ManufactureCountry>IL</ManufactureCountry>
      <ManufacturerItemDescription>נעם גבינה צהובה 22% </ManufacturerItemDescription>
      <UnitQty>Unknown</UnitQty>
      <Quantity>0.00</Quantity>
      <bIsWeighted>1</bIsWeighted>
      <UnitOfMeasure>ק"ג</UnitOfMeasure>
      <QtyInPackage>0</QtyInPackage>
      <ItemPrice>49.72</ItemPrice>
      <UnitOfMeasurePrice>49.72</UnitOfMeasurePrice>
      <AllowDiscount>1</AllowDiscount>
      <ItemStatus>1</ItemStatus>
    </Item>
    <Item>
      <PriceUpdateDate>2023-07-03 19:44</PriceUpdateDate>
      <ItemCode>7290005084355</ItemCode>
      <ItemType>1</ItemType>
      <ItemName>משחת שיניים  סנסודיין דואלקר  75 מ"ל</ItemName>
      <ManufacturerName>לא ידוע</ManufacturerName>
      <ManufactureCountry>לא ידוע</ManufactureCountry>
      <ManufacturerItemDescription>משחת שיניים  סנסודיי</ManufacturerItemDescription>
      <UnitQty>גרמים</UnitQty>
      <Quantity>75.00</Quantity>
      <bIsWeighted>0</bIsWeighted>
      <UnitOfMeasure>100 גרם</UnitOfMeasure>
      <QtyInPackage>1</QtyInPackage>
      <ItemPrice>24.90</ItemPrice>
      <UnitOfMeasurePrice>33.20</UnitOfMeasurePrice>
      <AllowDiscount>1</AllowDiscount>
      <ItemStatus>1</ItemStatus>
    </Item>
    <Item>
      <PriceUpdateDate>2024-07-14 17:22</PriceUpdateDate>
      <ItemCode>7290005111761</ItemCode>
      <ItemType>1</ItemType>
      <ItemName>בונזו ארוחת בריאות 3 קג</ItemName>
      <ManufacturerName>לא ידוע</ManufacturerName>
      <ManufactureCountry>לא ידוע</ManufactureCountry>
      <ManufacturerItemDescription>מזון לכלבים בונזו מז</ManufacturerItemDescription>
      <UnitQty>קילוגרמים</UnitQty>
      <Quantity>0.00</Quantity>
      <bIsWeighted>0</bIsWeighted>
      <UnitOfMeasure>ק"ג</UnitOfMeasure>
      <QtyInPackage>1</QtyInPackage>
      <ItemPrice>53.90</ItemPrice>
      <UnitOfMeasurePrice>53.90</UnitOfMeasurePrice>
      <AllowDiscount>1</AllowDiscount>
      <ItemStatus>1</ItemStatus>
    </Item>
    <Item>
      <PriceUpdateDate>2021-01-20 21:12</PriceUpdateDate>
      <ItemCode>7290005174551</ItemCode>
      <ItemType>1</ItemType>
      <ItemName>חומוס יום יום 125 גרם</ItemName>
      <ManufacturerName>לא ידוע</ManufacturerName>
      <ManufactureCountry>לא ידוע</ManufactureCountry>
      <ManufacturerItemDescription>חומוס יום יום 125 גר</ManufacturerItemDescription>
      <UnitQty>גרמים</UnitQty>
      <Quantity>125.00</Quantity>
      <bIsWeighted>0</bIsWeighted>
      <UnitOfMeasure>100 גרם</UnitOfMeasure>
      <QtyInPackage>1</QtyInPackage>
      <ItemPrice>5.80</ItemPrice>
      <UnitOfMeasurePrice>4.64</UnitOfMeasurePrice>
      <AllowDiscount>1</AllowDiscount>
      <ItemStatus>1</ItemStatus>
    </Item>
    <Item>
      <PriceUpdateDate>2021-01-20 21:12</PriceUpdateDate>
      <ItemCode>7290005174575</ItemCode>
      <ItemType>1</ItemType>
      <ItemName>טחינה יום יום 125 גרם</ItemName>
      <ManufacturerName>לא ידוע</ManufacturerName>
      <ManufactureCountry>לא ידוע</ManufactureCountry>
      <ManufacturerItemDescription>טחינה יום יום 125 גר</ManufacturerItemDescription>
      <UnitQty>גרמים</UnitQty>
      <Quantity>125.00</Quantity>
      <bIsWeighted>0</bIsWeighted>
      <UnitOfMeasure>100 גרם</UnitOfMeasure>
      <QtyInPackage>1</QtyInPackage>
      <ItemPrice>5.80</ItemPrice>
      <UnitOfMeasurePrice>4.64</UnitOfMeasurePrice>
      <AllowDiscount>1</AllowDiscount>
      <ItemStatus>1</ItemStatus>
    </Item>
    <Item>
      <PriceUpdateDate>2024-01-29 09:47</PriceUpdateDate>
      <ItemCode>7290005200786</ItemCode>
      <ItemType>1</ItemType>
      <ItemName>תפוציפס שמנת ובצל 50 גרם</ItemName>
      <ManufacturerName>לא ידוע</ManufacturerName>
      <ManufactureCountry>לא ידוע</ManufactureCountry>
      <ManufacturerItemDescription>תפוציפס שמנת ובצל 50</ManufacturerItemDescription>
      <UnitQty>גרמים</UnitQty>
      <Quantity>50.00</Quantity>
      <bIsWeighted>0</bIsWeighted>
      <UnitOfMeasure>100 גרם</UnitOfMeasure>
      <QtyInPackage>1</QtyInPackage>
      <ItemPrice>5.30</ItemPrice>
      <UnitOfMeasurePrice>10.60</UnitOfMeasurePrice>
      <AllowDiscount>1</AllowDiscount>
      <ItemStatus>1</ItemStatus>
    </Item>
    <Item>
      <PriceUpdateDate>2025-08-13 14:52</PriceUpdateDate>
      <ItemCode>7290005201882</ItemCode>
      <ItemType>1</ItemType>
      <ItemName>קפה טורקי עלית 200 גרם</ItemName>
      <ManufacturerName>לא ידוע</ManufacturerName>
      <ManufactureCountry>ישראל</ManufactureCountry>
      <ManufacturerItemDescription>קפה טורקי עלית 200 ג</ManufacturerItemDescription>
      <UnitQty>גרמים</UnitQty>
      <Quantity>200.00</Quantity>
      <bIsWeighted>0</bIsWeighted>
      <UnitOfMeasure>100 גרם</UnitOfMeasure>
      <QtyInPackage>1</QtyInPackage>
      <ItemPrice>20.90</ItemPrice>
      <UnitOfMeasurePrice>10.45</UnitOfMeasurePrice>
      <AllowDiscount>1</AllowDiscount>
      <ItemStatus>1</ItemStatus>
    </Item>
    <Item>
      <PriceUpdateDate>2023-07-28 10:10</PriceUpdateDate>
      <ItemCode>7290005287206</ItemCode>
      <ItemType>1</ItemType>
      <ItemName>טונה סטארקיסט בשמן רביעיות 4*160 גר</ItemName>
      <ManufacturerName>לא ידוע</ManufacturerName>
      <ManufactureCountry>לא ידוע</ManufactureCountry>
      <ManufacturerItemDescription>טונה סטארקיסט בשמן ר</ManufacturerItemDescription>
      <UnitQty>גרמים</UnitQty>
      <Quantity>640.00</Quantity>
      <bIsWeighted>0</bIsWeighted>
      <UnitOfMeasure>100 גרם</UnitOfMeasure>
      <QtyInPackage>1</QtyInPackage>
      <ItemPrice>26.90</ItemPrice>
      <UnitOfMeasurePrice>4.20</UnitOfMeasurePrice>
      <AllowDiscount>1</AllowDiscount>
      <ItemStatus>1</ItemStatus>
    </Item>
    <Item>
      <PriceUpdateDate>2024-01-01 09:33</PriceUpdateDate>
      <ItemCode>7290005287251</ItemCode>
      <ItemType>1</ItemType>
      <ItemName>טונה סטארקיסט במים רביעיות 4*160 גר</ItemName>
      <ManufacturerName>לא ידוע</ManufacturerName>
      <ManufactureCountry>לא ידוע</ManufactureCountry>
      <ManufacturerItemDescription>טונה סטארקיסט במים ר</ManufacturerItemDescription>
      <UnitQty>גרמים</UnitQty>
      <Quantity>640.00</Quantity>
      <bIsWeighted>0</bIsWeighted>
      <UnitOfMeasure>100 גרם</UnitOfMeasure>
      <QtyInPackage>1</QtyInPackage>
      <ItemPrice>26.90</ItemPrice>
      <UnitOfMeasurePrice>4.20</UnitOfMeasurePrice>
      <AllowDiscount>1</AllowDiscount>
      <ItemStatus>1</ItemStatus>
    </Item>
    <Item>
      <PriceUpdateDate>2025-03-25 07:06</PriceUpdateDate>
      <ItemCode>7290005287534</ItemCode>
      <ItemType>1</ItemType>
      <ItemName>טונה בשמן עישון טבעי 160 גרם פ.ק</ItemName>
      <ManufacturerName>לא ידוע</ManufacturerName>
      <ManufactureCountry>לא ידוע</ManufactureCountry>
      <ManufacturerItemDescription>טונה בשמן עישון טבעי</ManufacturerItemDescription>
      <UnitQty>גרמים</UnitQty>
      <Quantity>160.00</Quantity>
      <bIsWeighted>0</bIsWeighted>
      <UnitOfMeasure>100 גרם</UnitOfMeasure>
      <QtyInPackage>1</QtyInPackage>
      <ItemPrice>12.20</ItemPrice>
      <UnitOfMeasurePrice>7.63</UnitOfMeasurePrice>
      <AllowDiscount>1</AllowDiscount>
      <ItemStatus>1</ItemStatus>
    </Item>
    <Item>
      <PriceUpdateDate>2025-03-03 07:02</PriceUpdateDate>
      <ItemCode>7290005358241</ItemCode>
      <ItemType>1</ItemType>
      <ItemName>לשון בקר קפוא</ItemName>
      <ManufacturerName>לא ידוע</ManufacturerName>
      <ManufactureCountry>לא ידוע</ManufactureCountry>
      <ManufacturerItemDescription>לשון בקר קפואה      </ManufacturerItemDescription>
      <UnitQty>Unknown</UnitQty>
      <Quantity>0.00</Quantity>
      <bIsWeighted>1</bIsWeighted>
      <UnitOfMeasure>ק"ג</UnitOfMeasure>
      <QtyInPackage>0</QtyInPackage>
      <ItemPrice>44.90</ItemPrice>
      <UnitOfMeasurePrice>44.90</UnitOfMeasurePrice>
      <AllowDiscount>1</AllowDiscount>
      <ItemStatus>1</ItemStatus>
    </Item>
    <Item>
      <PriceUpdateDate>2025-03-11 08:06</PriceUpdateDate>
      <ItemCode>7290005423734</ItemCode>
      <ItemType>1</ItemType>
      <ItemName>סנו מקסימה מרכך כביסה א.פרש 4 ליטר</ItemName>
      <ManufacturerName>לא ידוע</ManufacturerName>
      <ManufactureCountry>לא ידוע</ManufactureCountry>
      <ManufacturerItemDescription>סנו מקסימה מרכך כביס</ManufacturerItemDescription>
      <UnitQty>ליטרים</UnitQty>
      <Quantity>0.00</Quantity>
      <bIsWeighted>0</bIsWeighted>
      <UnitOfMeasure>ליטר</UnitOfMeasure>
      <QtyInPackage>1</QtyInPackage>
      <ItemPrice>26.90</ItemPrice>
      <UnitOfMeasurePrice>26.90</UnitOfMeasurePrice>
      <AllowDiscount>1</AllowDiscount>
      <ItemStatus>1</ItemStatus>
    </Item>
    <Item>
      <PriceUpdateDate>2025-03-11 15:24</PriceUpdateDate>
      <ItemCode>7290005424847</ItemCode>
      <ItemType>1</ItemType>
      <ItemName>סנו סופט 150 מפיות לבן</ItemName>
      <ManufacturerName>לא ידוע</ManufacturerName>
      <ManufactureCountry>לא ידוע</ManufactureCountry>
      <ManufacturerItemDescription>150 מפיות לבנות לאיר</ManufacturerItemDescription>
      <UnitQty>יחידה</UnitQty>
      <Quantity>1.00</Quantity>
      <bIsWeighted>0</bIsWeighted>
      <UnitOfMeasure>יחידה</UnitOfMeasure>
      <QtyInPackage>1</QtyInPackage>
      <ItemPrice>11.50</ItemPrice>
      <UnitOfMeasurePrice>11.50</UnitOfMeasurePrice>
      <AllowDiscount>1</AllowDiscount>
      <ItemStatus>1</ItemStatus>
    </Item>
    <Item>
      <PriceUpdateDate>2023-01-23 06:54</PriceUpdateDate>
      <ItemCode>7290005427107</ItemCode>
      <ItemType>1</ItemType>
      <ItemName>שישיית סנו סושי מגבות נייר</ItemName>
      <ManufacturerName>לא ידוע</ManufacturerName>
      <ManufactureCountry>לא ידוע</ManufactureCountry>
      <ManufacturerItemDescription>שישיית סנו סושי     </ManufacturerItemDescription>
      <UnitQty>מטרים</UnitQty>
      <Quantity>63.48</Quantity>
      <bIsWeighted>0</bIsWeighted>
      <UnitOfMeasure>מטר</UnitOfMeasure>
      <QtyInPackage>1</QtyInPackage>
      <ItemPrice>14.90</ItemPrice>
      <UnitOfMeasurePrice>0.23</UnitOfMeasurePrice>
      <AllowDiscount>1</AllowDiscount>
      <ItemStatus>1</ItemStatus>
    </Item>
    <Item>
      <PriceUpdateDate>2025-03-11 15:24</PriceUpdateDate>
      <ItemCode>7290005430602</ItemCode>
      <ItemType>1</ItemType>
      <ItemName>סנו אוקסיגן מסיר כתמים קשים מרסס 750 מל</ItemName>
      <ManufacturerName>לא ידוע</ManufacturerName>
      <ManufactureCountry>לא ידוע</ManufactureCountry>
      <ManufacturerItemDescription>סנו אוקסיגן מסיר כתמ</ManufacturerItemDescription>
      <UnitQty>מיליליטרים</UnitQty>
      <Quantity>750.00</Quantity>
      <bIsWeighted>0</bIsWeighted>
      <UnitOfMeasure>100 מ"ל</UnitOfMeasure>
      <QtyInPackage>1</QtyInPackage>
      <ItemPrice>21.90</ItemPrice>
      <UnitOfMeasurePrice>2.92</UnitOfMeasurePrice>
      <AllowDiscount>1</AllowDiscount>
      <ItemStatus>1</ItemStatus>
    </Item>
    <Item>
      <PriceUpdateDate>2021-01-20 21:12</PriceUpdateDate>
      <ItemCode>7290005555100</ItemCode>
      <ItemType>1</ItemType>
      <ItemName>פיקדון רביעייה</ItemName>
      <ManufacturerName>לא ידוע</ManufacturerName>
      <ManufactureCountry>לא ידוע</ManufactureCountry>
      <ManufacturerItemDescription>פיקדון רביעייה      </ManufacturerItemDescription>
      <UnitQty>Unknown</UnitQty>
      <Quantity>0.00</Quantity>
      <bIsWeighted>0</bIsWeighted>
      <UnitOfMeasure>Unknown</UnitOfMeasure>
      <QtyInPackage>1</QtyInPackage>
      <ItemPrice>1.20</ItemPrice>
      <UnitOfMeasurePrice>1.20</UnitOfMeasurePrice>
      <AllowDiscount>1</AllowDiscount>
      <ItemStatus>1</ItemStatus>
    </Item>
    <Item>
      <PriceUpdateDate>2021-01-20 21:12</PriceUpdateDate>
      <ItemCode>7290005555101</ItemCode>
      <ItemType>1</ItemType>
      <ItemName>פיקדון שישייה</ItemName>
      <ManufacturerName>לא ידוע</ManufacturerName>
      <ManufactureCountry>לא ידוע</ManufactureCountry>
      <ManufacturerItemDescription>פיקדון שישייה       </ManufacturerItemDescription>
      <UnitQty>Unknown</UnitQty>
      <Quantity>0.00</Quantity>
      <bIsWeighted>0</bIsWeighted>
      <UnitOfMeasure>Unknown</UnitOfMeasure>
      <QtyInPackage>1</QtyInPackage>
      <ItemPrice>1.80</ItemPrice>
      <UnitOfMeasurePrice>1.80</UnitOfMeasurePrice>
      <AllowDiscount>1</AllowDiscount>
      <ItemStatus>1</ItemStatus>
    </Item>
    <Item>
      <PriceUpdateDate>2021-01-20 21:12</PriceUpdateDate>
      <ItemCode>7290005555127</ItemCode>
      <ItemType>1</ItemType>
      <ItemName>פיקדון 30 אג</ItemName>
      <ManufacturerName>לא ידוע</ManufacturerName>
      <ManufactureCountry>לא ידוע</ManufactureCountry>
      <ManufacturerItemDescription>פיקדון 30 אג        </ManufacturerItemDescription>
      <UnitQty>Unknown</UnitQty>
      <Quantity>0.00</Quantity>
      <bIsWeighted>0</bIsWeighted>
      <UnitOfMeasure>Unknown</UnitOfMeasure>
      <QtyInPackage>1</QtyInPackage>
      <ItemPrice>0.30</ItemPrice>
      <UnitOfMeasurePrice>0.30</UnitOfMeasurePrice>
      <AllowDiscount>1</AllowDiscount>
      <ItemStatus>1</ItemStatus>
    </Item>
    <Item>
      <PriceUpdateDate>2021-01-20 21:12</PriceUpdateDate>
      <ItemCode>7290005555777</ItemCode>
      <ItemType>1</ItemType>
      <ItemName>פיקדון חוזר 1.2 ש"ח בק 500 מ"ל</ItemName>
      <ManufacturerName>לא ידוע</ManufacturerName>
      <ManufactureCountry>לא ידוע</ManufactureCountry>
      <ManufacturerItemDescription>פיקדון חוזר 1.2 ש"ח </ManufacturerItemDescription>
      <UnitQty>Unknown</UnitQty>
      <Quantity>0.00</Quantity>
      <bIsWeighted>0</bIsWeighted>
      <UnitOfMeasure>Unknown</UnitOfMeasure>
      <QtyInPackage>1</QtyInPackage>
      <ItemPrice>1.20</ItemPrice>
      <UnitOfMeasurePrice>1.20</UnitOfMeasurePrice>
      <AllowDiscount>1</AllowDiscount>
      <ItemStatus>1</ItemStatus>
    </Item>
    <Item>
      <PriceUpdateDate>2024-06-27 13:45</PriceUpdateDate>
      <ItemCode>7290005571367</ItemCode>
      <ItemType>1</ItemType>
      <ItemName>לשון עגל טרי</ItemName>
      <ManufacturerName>לא ידוע</ManufacturerName>
      <ManufactureCountry>לא ידוע</ManufactureCountry>
      <ManufacturerItemDescription>לשון עגל טריה       </ManufacturerItemDescription>
      <UnitQty>Unknown</UnitQty>
      <Quantity>0.00</Quantity>
      <bIsWeighted>1</bIsWeighted>
      <UnitOfMeasure>ק"ג</UnitOfMeasure>
      <QtyInPackage>0</QtyInPackage>
      <ItemPrice>49.90</ItemPrice>
      <UnitOfMeasurePrice>49.90</UnitOfMeasurePrice>
      <AllowDiscount>1</AllowDiscount>
      <ItemStatus>1</ItemStatus>
    </Item>
    <Item>
      <PriceUpdateDate>2025-11-14 09:53</PriceUpdateDate>
      <ItemCode>7290005571596</ItemCode>
      <ItemType>1</ItemType>
      <ItemName>נתח סינטה עגל טרי</ItemName>
      <ManufacturerName>לא ידוע</ManufacturerName>
      <ManufactureCountry>לא ידוע</ManufactureCountry>
      <ManufacturerItemDescription>נתח סינטה עגל טריה  </ManufacturerItemDescription>
      <UnitQty>Unknown</UnitQty>
      <Quantity>0.00</Quantity>
      <bIsWeighted>1</bIsWeighted>
      <UnitOfMeasure>ק"ג</UnitOfMeasure>
      <QtyInPackage>0</QtyInPackage>
      <ItemPrice>124.90</ItemPrice>
      <UnitOfMeasurePrice>124.90</UnitOfMeasurePrice>
      <AllowDiscount>1</AllowDiscount>
      <ItemStatus>1</ItemStatus>
    </Item>
    <Item>
      <PriceUpdateDate>2025-08-20 12:56</PriceUpdateDate>
      <ItemCode>7290005591761</ItemCode>
      <ItemType>1</ItemType>
      <ItemName>דבש טהור לחיץ פרחי בר 400 גרם</ItemName>
      <ManufacturerName>לא ידוע</ManufacturerName>
      <ManufactureCountry>לא ידוע</ManufactureCountry>
      <ManufacturerItemDescription>דבש טהור לחיץ פרחי ב</ManufacturerItemDescription>
      <UnitQty>גרמים</UnitQty>
      <Quantity>400.00</Quantity>
      <bIsWeighted>0</bIsWeighted>
      <UnitOfMeasure>100 גרם</UnitOfMeasure>
      <QtyInPackage>1</QtyInPackage>
      <ItemPrice>29.90</ItemPrice>
      <UnitOfMeasurePrice>7.48</UnitOfMeasurePrice>
      <AllowDiscount>1</AllowDiscount>
      <ItemStatus>1</ItemStatus>
    </Item>
    <Item>
      <PriceUpdateDate>2025-05-21 08:40</PriceUpdateDate>
      <ItemCode>7290005605895</ItemCode>
      <ItemType>1</ItemType>
      <ItemName>פאנטה אקזוטיק 500 מ"ל</ItemName>
      <ManufacturerName>לא ידוע</ManufacturerName>
      <ManufactureCountry>לא ידוע</ManufactureCountry>
      <ManufacturerItemDescription>פאנטה אקזוטיק 500 מל</ManufacturerItemDescription>
      <UnitQty>מיליליטרים</UnitQty>
      <Quantity>500.00</Quantity>
      <bIsWeighted>0</bIsWeighted>
      <UnitOfMeasure>100 מ"ל</UnitOfMeasure>
      <QtyInPackage>1</QtyInPackage>
      <ItemPrice>8.90</ItemPrice>
      <UnitOfMeasurePrice>1.78</UnitOfMeasurePrice>
      <AllowDiscount>1</AllowDiscount>
      <ItemStatus>1</ItemStatus>
    </Item>
    <Item>
      <PriceUpdateDate>2024-06-21 07:08</PriceUpdateDate>
      <ItemCode>7290005610509</ItemCode>
      <ItemType>1</ItemType>
      <ItemName>צנונית</ItemName>
      <ManufacturerName>לא ידוע</ManufacturerName>
      <ManufactureCountry>לא ידוע</ManufactureCountry>
      <ManufacturerItemDescription>צנונית              </ManufacturerItemDescription>
      <UnitQty>יחידה</UnitQty>
      <Quantity>1.00</Quantity>
      <bIsWeighted>0</bIsWeighted>
      <UnitOfMeasure>יחידה</UnitOfMeasure>
      <QtyInPackage>1</QtyInPackage>
      <ItemPrice>8.90</ItemPrice>
      <UnitOfMeasurePrice>8.90</UnitOfMeasurePrice>
      <AllowDiscount>1</AllowDiscount>
      <ItemStatus>1</ItemStatus>
    </Item>
    <Item>
      <PriceUpdateDate>2021-01-10 14:26</PriceUpdateDate>
      <ItemCode>7290005838002</ItemCode>
      <ItemType>1</ItemType>
      <ItemName>דניאלה 88 גרם</ItemName>
      <ManufacturerName>לא ידוע</ManufacturerName>
      <ManufactureCountry>לא ידוע</ManufactureCountry>
      <ManufacturerItemDescription>דניאלה וניל 100 גרם </ManufacturerItemDescription>
      <UnitQty>גרמים</UnitQty>
      <Quantity>88.00</Quantity>
      <bIsWeighted>0</bIsWeighted>
      <UnitOfMeasure>100 גרם</UnitOfMeasure>
      <QtyInPackage>1</QtyInPackage>
      <ItemPrice>4.30</ItemPrice>
      <UnitOfMeasurePrice>4.89</UnitOfMeasurePrice>
      <AllowDiscount>1</AllowDiscount>
      <ItemStatus>1</ItemStatus>
    </Item>
    <Item>
      <PriceUpdateDate>2025-08-13 14:51</PriceUpdateDate>
      <ItemCode>7290005839108</ItemCode>
      <ItemType>1</ItemType>
      <ItemName>סימפוניה 5% עם זיתים 200 גרם</ItemName>
      <ManufacturerName>לא ידוע</ManufacturerName>
      <ManufactureCountry>לא ידוע</ManufactureCountry>
      <ManufacturerItemDescription>סימפוניה 5% עם זיתים</ManufacturerItemDescription>
      <UnitQty>גרמים</UnitQty>
      <Quantity>200.00</Quantity>
      <bIsWeighted>0</bIsWeighted>
      <UnitOfMeasure>100 גרם</UnitOfMeasure>
      <QtyInPackage>1</QtyInPackage>
      <ItemPrice>13.30</ItemPrice>
      <UnitOfMeasurePrice>6.65</UnitOfMeasurePrice>
      <AllowDiscount>1</AllowDiscount>
      <ItemStatus>1</ItemStatus>
    </Item>
    <Item>
      <PriceUpdateDate>2025-09-16 12:37</PriceUpdateDate>
      <ItemCode>7290005839313</ItemCode>
      <ItemType>1</ItemType>
      <ItemName>מילקי טופ מגולגלת 130 גרם</ItemName>
      <ManufacturerName>לא ידוע</ManufacturerName>
      <ManufactureCountry>לא ידוע</ManufactureCountry>
      <ManufacturerItemDescription>מילקי טופ מגולגלת 13</ManufacturerItemDescription>
      <UnitQty>גרמים</UnitQty>
      <Quantity>130.00</Quantity>
      <bIsWeighted>0</bIsWeighted>
      <UnitOfMeasure>100 גרם</UnitOfMeasure>
      <QtyInPackage>1</QtyInPackage>
      <ItemPrice>5.60</ItemPrice>
      <UnitOfMeasurePrice>4.31</UnitOfMeasurePrice>
      <AllowDiscount>1</AllowDiscount>
      <ItemStatus>1</ItemStatus>
    </Item>
    <Item>
      <PriceUpdateDate>2024-07-07 16:48</PriceUpdateDate>
      <ItemCode>7290005896415</ItemCode>
      <ItemType>1</ItemType>
      <ItemName>בירה איגל לאגר פרימיום 5% 500 מ"ל פחית</ItemName>
      <ManufacturerName>לא ידוע</ManufacturerName>
      <ManufactureCountry>לא ידוע</ManufactureCountry>
      <ManufacturerItemDescription>בירה איגל לאגר פרימי</ManufacturerItemDescription>
      <UnitQty>מיליליטרים</UnitQty>
      <Quantity>500.00</Quantity>
      <bIsWeighted>0</bIsWeighted>
      <UnitOfMeasure>100 מ"ל</UnitOfMeasure>
      <QtyInPackage>1</QtyInPackage>
      <ItemPrice>7.90</ItemPrice>
      <UnitOfMeasurePrice>1.58</UnitOfMeasurePrice>
      <AllowDiscount>1</AllowDiscount>
      <ItemStatus>1</ItemStatus>
    </Item>
    <Item>
      <PriceUpdateDate>2024-07-17 08:32</PriceUpdateDate>
      <ItemCode>7290005896460</ItemCode>
      <ItemType>1</ItemType>
      <ItemName>בירה איגל חזקה 7.8% 500 מ"ל פחית</ItemName>
      <ManufacturerName>לא ידוע</ManufacturerName>
      <ManufactureCountry>לא ידוע</ManufactureCountry>
      <ManufacturerItemDescription>בירה איגל חזקה 7.8% </ManufacturerItemDescription>
      <UnitQty>מיליליטרים</UnitQty>
      <Quantity>500.00</Quantity>
      <bIsWeighted>0</bIsWeighted>
      <UnitOfMeasure>100 מ"ל</UnitOfMeasure>
      <QtyInPackage>1</QtyInPackage>
      <ItemPrice>8.90</ItemPrice>
      <UnitOfMeasurePrice>1.78</UnitOfMeasurePrice>
      <AllowDiscount>1</AllowDiscount>
      <ItemStatus>1</ItemStatus>
    </Item>
    <Item>
      <PriceUpdateDate>2021-04-18 16:59</PriceUpdateDate>
      <ItemCode>7290005896620</ItemCode>
      <ItemType>1</ItemType>
      <ItemName>מים סאן בנדטו 1.5 ל מוגז</ItemName>
      <ManufacturerName>לא ידוע</ManufacturerName>
      <ManufactureCountry>לא ידוע</ManufactureCountry>
      <ManufacturerItemDescription>מים סאן בנדטו 1.5 ל </ManufacturerItemDescription>
      <UnitQty>ליטרים</UnitQty>
      <Quantity>0.00</Quantity>
      <bIsWeighted>0</bIsWeighted>
      <UnitOfMeasure>ליטר</UnitOfMeasure>
      <QtyInPackage>1</QtyInPackage>
      <ItemPrice>3.60</ItemPrice>
      <UnitOfMeasurePrice>3.60</UnitOfMeasurePrice>
      <AllowDiscount>1</AllowDiscount>
      <ItemStatus>1</ItemStatus>
    </Item>
    <Item>
      <PriceUpdateDate>2025-08-13 14:51</PriceUpdateDate>
      <ItemCode>7290005992018</ItemCode>
      <ItemType>1</ItemType>
      <ItemName>יוגורט עיזים 500 מל</ItemName>
      <ManufacturerName>לא ידוע</ManufacturerName>
      <ManufactureCountry>ישראל</ManufactureCountry>
      <ManufacturerItemDescription>יוגורט עיזים 500 מל </ManufacturerItemDescription>
      <UnitQty>גרמים</UnitQty>
      <Quantity>500.00</Quantity>
      <bIsWeighted>0</bIsWeighted>
      <UnitOfMeasure>100 גרם</UnitOfMeasure>
      <QtyInPackage>1</QtyInPackage>
      <ItemPrice>17.60</ItemPrice>
      <UnitOfMeasurePrice>3.52</UnitOfMeasurePrice>
      <AllowDiscount>1</AllowDiscount>
      <ItemStatus>1</ItemStatus>
    </Item>
    <Item>
      <PriceUpdateDate>2025-08-13 14:51</PriceUpdateDate>
      <ItemCode>7290005992575</ItemCode>
      <ItemType>1</ItemType>
      <ItemName>בולגרית למריחה 250 גר</ItemName>
      <ManufacturerName>לא ידוע</ManufacturerName>
      <ManufactureCountry>ישראל</ManufactureCountry>
      <ManufacturerItemDescription>בולגרית למריחה 250 ג</ManufacturerItemDescription>
      <UnitQty>גרמים</UnitQty>
      <Quantity>250.00</Quantity>
      <bIsWeighted>0</bIsWeighted>
      <UnitOfMeasure>100 גרם</UnitOfMeasure>
      <QtyInPackage>1</QtyInPackage>
      <ItemPrice>23.90</ItemPrice>
      <UnitOfMeasurePrice>9.56</UnitOfMeasurePrice>
      <AllowDiscount>1</AllowDiscount>
      <ItemStatus>1</ItemStatus>
    </Item>
    <Item>
      <PriceUpdateDate>2025-08-13 14:50</PriceUpdateDate>
      <ItemCode>7290005992735</ItemCode>
      <ItemType>1</ItemType>
      <ItemName>גבינה לבנה טבעית 250 גר</ItemName>
      <ManufacturerName>לא ידוע</ManufacturerName>
      <ManufactureCountry>ישראל</ManufactureCountry>
      <ManufacturerItemDescription>גבינה לבנה טבעית 250</ManufacturerItemDescription>
      <UnitQty>גרמים</UnitQty>
      <Quantity>250.00</Quantity>
      <bIsWeighted>0</bIsWeighted>
      <UnitOfMeasure>100 גרם</UnitOfMeasure>
      <QtyInPackage>1</QtyInPackage>
      <ItemPrice>16.90</ItemPrice>
      <UnitOfMeasurePrice>6.76</UnitOfMeasurePrice>
      <AllowDiscount>1</AllowDiscount>
      <ItemStatus>1</ItemStatus>
    </Item>
    <Item>
      <PriceUpdateDate>2024-07-17 08:33</PriceUpdateDate>
      <ItemCode>7290006131782</ItemCode>
      <ItemType>1</ItemType>
      <ItemName>פילה סלמון נורבגי פרימיום קפוא 1.4-1.8</ItemName>
      <ManufacturerName>לא ידוע</ManufacturerName>
      <ManufactureCountry>NO</ManufactureCountry>
      <ManufacturerItemDescription>פילה סלמון נורבגי   </ManufacturerItemDescription>
      <UnitQty>Unknown</UnitQty>
      <Quantity>0.00</Quantity>
      <bIsWeighted>1</bIsWeighted>
      <UnitOfMeasure>ק"ג</UnitOfMeasure>
      <QtyInPackage>0</QtyInPackage>
      <ItemPrice>98.90</ItemPrice>
      <UnitOfMeasurePrice>98.90</UnitOfMeasurePrice>
      <AllowDiscount>1</AllowDiscount>
      <ItemStatus>1</ItemStatus>
    </Item>
    <Item>
      <PriceUpdateDate>2024-11-06 08:15</PriceUpdateDate>
      <ItemCode>7290006189028</ItemCode>
      <ItemType>1</ItemType>
      <ItemName>מיני פריזר עגל 480 גרם</ItemName>
      <ManufacturerName>לא ידוע</ManufacturerName>
      <ManufactureCountry>IL</ManufactureCountry>
      <ManufacturerItemDescription>מיני פריזר עגל 480 ג</ManufacturerItemDescription>
      <UnitQty>גרמים</UnitQty>
      <Quantity>480.00</Quantity>
      <bIsWeighted>0</bIsWeighted>
      <UnitOfMeasure>100 גרם</UnitOfMeasure>
      <QtyInPackage>1</QtyInPackage>
      <ItemPrice>27.90</ItemPrice>
      <UnitOfMeasurePrice>5.81</UnitOfMeasurePrice>
      <AllowDiscount>1</AllowDiscount>
      <ItemStatus>1</ItemStatus>
    </Item>
    <Item>
      <PriceUpdateDate>2025-07-10 11:34</PriceUpdateDate>
      <ItemCode>7290006190765</ItemCode>
      <ItemType>1</ItemType>
      <ItemName>גבינת גרוייר רזרב שוויצרי במשקל</ItemName>
      <ManufacturerName>לא ידוע</ManufacturerName>
      <ManufactureCountry>לא ידוע</ManufactureCountry>
      <ManufacturerItemDescription>גבינת גרוייר רזרב   </ManufacturerItemDescription>
      <UnitQty>Unknown</UnitQty>
      <Quantity>0.00</Quantity>
      <bIsWeighted>1</bIsWeighted>
      <UnitOfMeasure>ק"ג</UnitOfMeasure>
      <QtyInPackage>0</QtyInPackage>
      <ItemPrice>269.00</ItemPrice>
      <UnitOfMeasurePrice>269.00</UnitOfMeasurePrice>
      <AllowDiscount>1</AllowDiscount>
      <ItemStatus>1</ItemStatus>
    </Item>
    <Item>
      <PriceUpdateDate>2025-07-10 11:34</PriceUpdateDate>
      <ItemCode>7290006194008</ItemCode>
      <ItemType>1</ItemType>
      <ItemName>גבינת פקורינו רומנו איטלקי שקיל</ItemName>
      <ManufacturerName>לא ידוע</ManufacturerName>
      <ManufactureCountry>לא ידוע</ManufactureCountry>
      <ManufacturerItemDescription>גבינת פקורינו רומנו </ManufacturerItemDescription>
      <UnitQty>Unknown</UnitQty>
      <Quantity>0.00</Quantity>
      <bIsWeighted>1</bIsWeighted>
      <UnitOfMeasure>ק"ג</UnitOfMeasure>
      <QtyInPackage>0</QtyInPackage>
      <ItemPrice>219.00</ItemPrice>
      <UnitOfMeasurePrice>219.00</UnitOfMeasurePrice>
      <AllowDiscount>1</AllowDiscount>
      <ItemStatus>1</ItemStatus>
    </Item>
    <Item>
      <PriceUpdateDate>2025-07-10 11:19</PriceUpdateDate>
      <ItemCode>7290006194015</ItemCode>
      <ItemType>1</ItemType>
      <ItemName>גבינת גורגונזולה פיקנטית במשקל</ItemName>
      <ManufacturerName>לא ידוע</ManufacturerName>
      <ManufactureCountry>לא ידוע</ManufactureCountry>
      <ManufacturerItemDescription>גבינת גורגונזולה פיק</ManufacturerItemDescription>
      <UnitQty>Unknown</UnitQty>
      <Quantity>0.00</Quantity>
      <bIsWeighted>1</bIsWeighted>
      <UnitOfMeasure>ק"ג</UnitOfMeasure>
      <QtyInPackage>0</QtyInPackage>
      <ItemPrice>219.00</ItemPrice>
      <UnitOfMeasurePrice>219.00</UnitOfMeasurePrice>
      <AllowDiscount>1</AllowDiscount>
      <ItemStatus>1</ItemStatus>
    </Item>
    <Item>
      <PriceUpdateDate>2025-07-10 11:37</PriceUpdateDate>
      <ItemCode>7290006194022</ItemCode>
      <ItemType>1</ItemType>
      <ItemName>גורגונזולה דולצה איטלקי במשקל</ItemName>
      <ManufacturerName>לא ידוע</ManufacturerName>
      <ManufactureCountry>לא ידוע</ManufactureCountry>
      <ManufacturerItemDescription>גורגונזולה דולצה    </ManufacturerItemDescription>
      <UnitQty>Unknown</UnitQty>
      <Quantity>0.00</Quantity>
      <bIsWeighted>1</bIsWeighted>
      <UnitOfMeasure>ק"ג</UnitOfMeasure>
      <QtyInPackage>0</QtyInPackage>
      <ItemPrice>219.00</ItemPrice>
      <UnitOfMeasurePrice>219.00</UnitOfMeasurePrice>
      <AllowDiscount>1</AllowDiscount>
      <ItemStatus>1</ItemStatus>
    </Item>
    <Item>
      <PriceUpdateDate>2025-01-23 07:41</PriceUpdateDate>
      <ItemCode>7290006229427</ItemCode>
      <ItemType>1</ItemType>
      <ItemName>שישיית מים מינרלים סאן בנדטו 500 מל</ItemName>
      <ManufacturerName>לא ידוע</ManufacturerName>
      <ManufactureCountry>לא ידוע</ManufactureCountry>
      <ManufacturerItemDescription>שישיית מים מינרלים  </ManufacturerItemDescription>
      <UnitQty>ליטרים</UnitQty>
      <Quantity>3.00</Quantity>
      <bIsWeighted>0</bIsWeighted>
      <UnitOfMeasure>ליטר</UnitOfMeasure>
      <QtyInPackage>1</QtyInPackage>
      <ItemPrice>18.00</ItemPrice>
      <UnitOfMeasurePrice>6.00</UnitOfMeasurePrice>
      <AllowDiscount>1</AllowDiscount>
      <ItemStatus>1</ItemStatus>
    </Item>
    <Item>
      <PriceUpdateDate>2024-07-17 08:35</PriceUpdateDate>
      <ItemCode>7290006229588</ItemCode>
      <ItemType>1</ItemType>
      <ItemName>בירה איגל לאגר פרימיום חזקה 6.3%  500 מל</ItemName>
      <ManufacturerName>לא ידוע</ManufacturerName>
      <ManufactureCountry>לא ידוע</ManufactureCountry>
      <ManufacturerItemDescription>בירה איגל לאגר פרימי</ManufacturerItemDescription>
      <UnitQty>מיליליטרים</UnitQty>
      <Quantity>500.00</Quantity>
      <bIsWeighted>0</bIsWeighted>
      <UnitOfMeasure>100 מ"ל</UnitOfMeasure>
      <QtyInPackage>1</QtyInPackage>
      <ItemPrice>7.90</ItemPrice>
      <UnitOfMeasurePrice>1.58</UnitOfMeasurePrice>
      <AllowDiscount>1</AllowDiscount>
      <ItemStatus>1</ItemStatus>
    </Item>
    <Item>
      <PriceUpdateDate>2024-11-18 15:51</PriceUpdateDate>
      <ItemCode>7290006241191</ItemCode>
      <ItemType>1</ItemType>
      <ItemName>אגוזי מלך קליית גת 150 גר</ItemName>
      <ManufacturerName>לא ידוע</ManufacturerName>
      <ManufactureCountry>לא ידוע</ManufactureCountry>
      <ManufacturerItemDescription>אגוזי מלך קליית גת 1</ManufacturerItemDescription>
      <UnitQty>גרמים</UnitQty>
      <Quantity>150.00</Quantity>
      <bIsWeighted>0</bIsWeighted>
      <UnitOfMeasure>100 גרם</UnitOfMeasure>
      <QtyInPackage>1</QtyInPackage>
      <ItemPrice>25.90</ItemPrice>
      <UnitOfMeasurePrice>17.27</UnitOfMeasurePrice>
      <AllowDiscount>1</AllowDiscount>
      <ItemStatus>1</ItemStatus>
    </Item>
    <Item>
      <PriceUpdateDate>2025-01-23 07:41</PriceUpdateDate>
      <ItemCode>7290006251275</ItemCode>
      <ItemType>1</ItemType>
      <ItemName>תה ירוק סיני 25 שקיקים של 1.5 ג</ItemName>
      <ManufacturerName>לא ידוע</ManufacturerName>
      <ManufactureCountry>לא ידוע</ManufactureCountry>
      <ManufacturerItemDescription>תה ירוק סיני 25 שקיק</ManufacturerItemDescription>
      <UnitQty>Unknown</UnitQty>
      <Quantity>0.00</Quantity>
      <bIsWeighted>0</bIsWeighted>
      <UnitOfMeasure>Unknown</UnitOfMeasure>
      <QtyInPackage>1</QtyInPackage>
      <ItemPrice>27.90</ItemPrice>
      <UnitOfMeasurePrice>27.90</UnitOfMeasurePrice>
      <AllowDiscount>1</AllowDiscount>
      <ItemStatus>1</ItemStatus>
    </Item>
    <Item>
      <PriceUpdateDate>2025-01-13 10:21</PriceUpdateDate>
      <ItemCode>7290006251374</ItemCode>
      <ItemType>1</ItemType>
      <ItemName>תה ירוק לימונית וגינגר 25 שקיקים</ItemName>
      <ManufacturerName>לא ידוע</ManufacturerName>
      <ManufactureCountry>לא ידוע</ManufactureCountry>
      <ManufacturerItemDescription>תה ירוק לימונית וגינ</ManufacturerItemDescription>
      <UnitQty>Unknown</UnitQty>
      <Quantity>0.00</Quantity>
      <bIsWeighted>0</bIsWeighted>
      <UnitOfMeasure>Unknown</UnitOfMeasure>
      <QtyInPackage>1</QtyInPackage>
      <ItemPrice>27.90</ItemPrice>
      <UnitOfMeasurePrice>27.90</UnitOfMeasurePrice>
      <AllowDiscount>1</AllowDiscount>
      <ItemStatus>1</ItemStatus>
    </Item>
    <Item>
      <PriceUpdateDate>2025-01-23 07:41</PriceUpdateDate>
      <ItemCode>7290006271174</ItemCode>
      <ItemType>1</ItemType>
      <ItemName>גחנון בצק 700גר מעדנות</ItemName>
      <ManufacturerName>לא ידוע</ManufacturerName>
      <ManufactureCountry>לא ידוע</ManufactureCountry>
      <ManufacturerItemDescription>גחנון בצק מעדנות    </ManufacturerItemDescription>
      <UnitQty>גרמים</UnitQty>
      <Quantity>700.00</Quantity>
      <bIsWeighted>0</bIsWeighted>
      <UnitOfMeasure>100 גרם</UnitOfMeasure>
      <QtyInPackage>1</QtyInPackage>
      <ItemPrice>26.90</ItemPrice>
      <UnitOfMeasurePrice>3.84</UnitOfMeasurePrice>
      <AllowDiscount>1</AllowDiscount>
      <ItemStatus>1</ItemStatus>
    </Item>
    <Item>
      <PriceUpdateDate>2024-05-20 11:35</PriceUpdateDate>
      <ItemCode>7290006271181</ItemCode>
      <ItemType>1</ItemType>
      <ItemName>גחנון אפוי 750גר מעדנות</ItemName>
      <ManufacturerName>לא ידוע</ManufacturerName>
      <ManufactureCountry>לא ידוע</ManufactureCountry>
      <ManufacturerItemDescription>גחנון אפוי 750 גר   </ManufacturerItemDescription>
      <UnitQty>גרמים</UnitQty>
      <Quantity>750.00</Quantity>
      <bIsWeighted>0</bIsWeighted>
      <UnitOfMeasure>100 גרם</UnitOfMeasure>
      <QtyInPackage>1</QtyInPackage>
      <ItemPrice>31.90</ItemPrice>
      <UnitOfMeasurePrice>4.25</UnitOfMeasurePrice>
      <AllowDiscount>1</AllowDiscount>
      <ItemStatus>1</ItemStatus>
    </Item>
    <Item>
      <PriceUpdateDate>2025-03-25 07:07</PriceUpdateDate>
      <ItemCode>7290006342072</ItemCode>
      <ItemType>1</ItemType>
      <ItemName>גרעין לבן 170 גרם ששון הקולה</ItemName>
      <ManufacturerName>לא ידוע</ManufacturerName>
      <ManufactureCountry>לא ידוע</ManufactureCountry>
      <ManufacturerItemDescription>גרעין לבן 170 גרם שש</ManufacturerItemDescription>
      <UnitQty>גרמים</UnitQty>
      <Quantity>170.00</Quantity>
      <bIsWeighted>0</bIsWeighted>
      <UnitOfMeasure>100 גרם</UnitOfMeasure>
      <QtyInPackage>1</QtyInPackage>
      <ItemPrice>13.50</ItemPrice>
      <UnitOfMeasurePrice>7.94</UnitOfMeasurePrice>
      <AllowDiscount>1</AllowDiscount>
      <ItemStatus>1</ItemStatus>
    </Item>
    <Item>
      <PriceUpdateDate>2024-01-27 00:05</PriceUpdateDate>
      <ItemCode>7290006342447</ItemCode>
      <ItemType>1</ItemType>
      <ItemName>גרעין אבטיח 170 גרם ששון הקולה</ItemName>
      <ManufacturerName>לא ידוע</ManufacturerName>
      <ManufactureCountry>לא ידוע</ManufactureCountry>
      <ManufacturerItemDescription>גרעין אבטיח 170 גרם </ManufacturerItemDescription>
      <UnitQty>גרמים</UnitQty>
      <Quantity>170.00</Quantity>
      <bIsWeighted>0</bIsWeighted>
      <UnitOfMeasure>100 גרם</UnitOfMeasure>
      <QtyInPackage>1</QtyInPackage>
      <ItemPrice>18.90</ItemPrice>
      <UnitOfMeasurePrice>11.12</UnitOfMeasurePrice>
      <AllowDiscount>1</AllowDiscount>
      <ItemStatus>1</ItemStatus>
    </Item>
    <Item>
      <PriceUpdateDate>2024-11-18 15:48</PriceUpdateDate>
      <ItemCode>7290006342645</ItemCode>
      <ItemType>1</ItemType>
      <ItemName>טורטיה גדולה 12 יחידות  700 גרם</ItemName>
      <ManufacturerName>לא ידוע</ManufacturerName>
      <ManufactureCountry />
      <ManufacturerItemDescription>טורטיה גדולה 10 יחיד</ManufacturerItemDescription>
      <UnitQty>גרמים</UnitQty>
      <Quantity>700.00</Quantity>
      <bIsWeighted>0</bIsWeighted>
      <UnitOfMeasure>100 גרם</UnitOfMeasure>
      <QtyInPackage>1</QtyInPackage>
      <ItemPrice>17.90</ItemPrice>
      <UnitOfMeasurePrice>2.56</UnitOfMeasurePrice>
      <AllowDiscount>1</AllowDiscount>
      <ItemStatus>1</ItemStatus>
    </Item>
    <Item>
      <PriceUpdateDate>2025-07-10 11:26</PriceUpdateDate>
      <ItemCode>7290006355065</ItemCode>
      <ItemType>1</ItemType>
      <ItemName>קשקבליו איטלקי במשקל</ItemName>
      <ManufacturerName>לא ידוע</ManufacturerName>
      <ManufactureCountry>לא ידוע</ManufactureCountry>
      <ManufacturerItemDescription>קשקבליו איטלקי במשקל</ManufacturerItemDescription>
      <UnitQty>Unknown</UnitQty>
      <Quantity>0.00</Quantity>
      <bIsWeighted>1</bIsWeighted>
      <UnitOfMeasure>ק"ג</UnitOfMeasure>
      <QtyInPackage>0</QtyInPackage>
      <ItemPrice>225.00</ItemPrice>
      <UnitOfMeasurePrice>225.00</UnitOfMeasurePrice>
      <AllowDiscount>1</AllowDiscount>
      <ItemStatus>1</ItemStatus>
    </Item>
    <Item>
      <PriceUpdateDate>2025-07-10 11:37</PriceUpdateDate>
      <ItemCode>7290006355119</ItemCode>
      <ItemType>1</ItemType>
      <ItemName>קשקבליו איטלקי מעושן במשקל</ItemName>
      <ManufacturerName>לא ידוע</ManufacturerName>
      <ManufactureCountry>לא ידוע</ManufactureCountry>
      <ManufacturerItemDescription>קשקבליו איטלקי מעושן</ManufacturerItemDescription>
      <UnitQty>Unknown</UnitQty>
      <Quantity>0.00</Quantity>
      <bIsWeighted>1</bIsWeighted>
      <UnitOfMeasure>ק"ג</UnitOfMeasure>
      <QtyInPackage>0</QtyInPackage>
      <ItemPrice>225.00</ItemPrice>
      <UnitOfMeasurePrice>225.00</UnitOfMeasurePrice>
      <AllowDiscount>1</AllowDiscount>
      <ItemStatus>1</ItemStatus>
    </Item>
    <Item>
      <PriceUpdateDate>2025-03-11 15:19</PriceUpdateDate>
      <ItemCode>7290006374738</ItemCode>
      <ItemType>1</ItemType>
      <ItemName>קונפיטורת יד מרדכי תות 340 גרם</ItemName>
      <ManufacturerName>לא ידוע</ManufacturerName>
      <ManufactureCountry>לא ידוע</ManufactureCountry>
      <ManufacturerItemDescription>קונפיטורת יד מרדכי ת</ManufacturerItemDescription>
      <UnitQty>גרמים</UnitQty>
      <Quantity>340.00</Quantity>
      <bIsWeighted>0</bIsWeighted>
      <UnitOfMeasure>100 גרם</UnitOfMeasure>
      <QtyInPackage>1</QtyInPackage>
      <ItemPrice>20.90</ItemPrice>
      <UnitOfMeasurePrice>6.15</UnitOfMeasurePrice>
      <AllowDiscount>1</AllowDiscount>
      <ItemStatus>1</ItemStatus>
    </Item>
    <Item>
      <PriceUpdateDate>2021-01-20 21:12</PriceUpdateDate>
      <ItemCode>7290006449047</ItemCode>
      <ItemType>1</ItemType>
      <ItemName>רוזמרין</ItemName>
      <ManufacturerName>לא ידוע</ManufacturerName>
      <ManufactureCountry>לא ידוע</ManufactureCountry>
      <ManufacturerItemDescription>רוזמרין             </ManufacturerItemDescription>
      <UnitQty>Unknown</UnitQty>
      <Quantity>0.00</Quantity>
      <bIsWeighted>0</bIsWeighted>
      <UnitOfMeasure>Unknown</UnitOfMeasure>
      <QtyInPackage>1</QtyInPackage>
      <ItemPrice>5.90</ItemPrice>
      <UnitOfMeasurePrice>5.90</UnitOfMeasurePrice>
      <AllowDiscount>1</AllowDiscount>
      <ItemStatus>1</ItemStatus>
    </Item>
    <Item>
      <PriceUpdateDate>2025-03-20 09:59</PriceUpdateDate>
      <ItemCode>7290006459442</ItemCode>
      <ItemType>1</ItemType>
      <ItemName>מנגל                </ItemName>
      <ManufacturerName>לא ידוע</ManufacturerName>
      <ManufactureCountry>לא ידוע</ManufactureCountry>
      <ManufacturerItemDescription>מנגל                </ManufacturerItemDescription>
      <UnitQty>Unknown</UnitQty>
      <Quantity>0.00</Quantity>
      <bIsWeighted>0</bIsWeighted>
      <UnitOfMeasure>Unknown</UnitOfMeasure>
      <QtyInPackage>1</QtyInPackage>
      <ItemPrice>47.50</ItemPrice>
      <UnitOfMeasurePrice>47.50</UnitOfMeasurePrice>
      <AllowDiscount>1</AllowDiscount>
      <ItemStatus>1</ItemStatus>
    </Item>
    <Item>
      <PriceUpdateDate>2022-06-09 17:51</PriceUpdateDate>
      <ItemCode>7290006459947</ItemCode>
      <ItemType>1</ItemType>
      <ItemName>פחמים גריל פרימיום שקד 2 ק"ג</ItemName>
      <ManufacturerName>לא ידוע</ManufacturerName>
      <ManufactureCountry>דרום אמריקה</ManufactureCountry>
      <ManufacturerItemDescription>פחמים גריל פרימיום ש</ManufacturerItemDescription>
      <UnitQty>קילוגרמים</UnitQty>
      <Quantity>0.00</Quantity>
      <bIsWeighted>0</bIsWeighted>
      <UnitOfMeasure>ק"ג</UnitOfMeasure>
      <QtyInPackage>1</QtyInPackage>
      <ItemPrice>21.90</ItemPrice>
      <UnitOfMeasurePrice>21.90</UnitOfMeasurePrice>
      <AllowDiscount>1</AllowDiscount>
      <ItemStatus>1</ItemStatus>
    </Item>
    <Item>
      <PriceUpdateDate>2025-08-13 14:50</PriceUpdateDate>
      <ItemCode>7290006492616</ItemCode>
      <ItemType>1</ItemType>
      <ItemName>בולגרית בפרוסות 5% 250 גר</ItemName>
      <ManufacturerName>לא ידוע</ManufacturerName>
      <ManufactureCountry>ישראל</ManufactureCountry>
      <ManufacturerItemDescription>בולגרית בפרוסות 5% 2</ManufacturerItemDescription>
      <UnitQty>גרמים</UnitQty>
      <Quantity>250.00</Quantity>
      <bIsWeighted>0</bIsWeighted>
      <UnitOfMeasure>100 גרם</UnitOfMeasure>
      <QtyInPackage>1</QtyInPackage>
      <ItemPrice>34.90</ItemPrice>
      <UnitOfMeasurePrice>13.96</UnitOfMeasurePrice>
      <AllowDiscount>1</AllowDiscount>
      <ItemStatus>1</ItemStatus>
    </Item>
    <Item>
      <PriceUpdateDate>2025-08-13 14:50</PriceUpdateDate>
      <ItemCode>7290006492630</ItemCode>
      <ItemType>1</ItemType>
      <ItemName>גליל גבינת עיזים 180גר</ItemName>
      <ManufacturerName>לא ידוע</ManufacturerName>
      <ManufactureCountry>ישראל</ManufactureCountry>
      <ManufacturerItemDescription>גליל גבינת עיזים 180</ManufacturerItemDescription>
      <UnitQty>גרמים</UnitQty>
      <Quantity>180.00</Quantity>
      <bIsWeighted>0</bIsWeighted>
      <UnitOfMeasure>100 גרם</UnitOfMeasure>
      <QtyInPackage>1</QtyInPackage>
      <ItemPrice>33.50</ItemPrice>
      <UnitOfMeasurePrice>18.61</UnitOfMeasurePrice>
      <AllowDiscount>1</AllowDiscount>
      <ItemStatus>1</ItemStatus>
    </Item>
    <Item>
      <PriceUpdateDate>2025-08-13 14:52</PriceUpdateDate>
      <ItemCode>7290006492685</ItemCode>
      <ItemType>1</ItemType>
      <ItemName>לבנה עיזים 5% 250 גרם</ItemName>
      <ManufacturerName>לא ידוע</ManufacturerName>
      <ManufactureCountry>ישראל</ManufactureCountry>
      <ManufacturerItemDescription>לבנה עיזים 5% 250 גר</ManufacturerItemDescription>
      <UnitQty>גרמים</UnitQty>
      <Quantity>250.00</Quantity>
      <bIsWeighted>0</bIsWeighted>
      <UnitOfMeasure>100 גרם</UnitOfMeasure>
      <QtyInPackage>1</QtyInPackage>
      <ItemPrice>24.50</ItemPrice>
      <UnitOfMeasurePrice>9.80</UnitOfMeasurePrice>
      <AllowDiscount>1</AllowDiscount>
      <ItemStatus>1</ItemStatus>
    </Item>
    <Item>
      <PriceUpdateDate>2025-08-13 14:51</PriceUpdateDate>
      <ItemCode>7290006492852</ItemCode>
      <ItemType>1</ItemType>
      <ItemName>גבינה לבנה עיזים למריחה 5% 250 גרם</ItemName>
      <ManufacturerName>לא ידוע</ManufacturerName>
      <ManufactureCountry>ישראל</ManufactureCountry>
      <ManufacturerItemDescription>גבינה לבנה עיזים למר</ManufacturerItemDescription>
      <UnitQty>גרמים</UnitQty>
      <Quantity>250.00</Quantity>
      <bIsWeighted>0</bIsWeighted>
      <UnitOfMeasure>100 גרם</UnitOfMeasure>
      <QtyInPackage>1</QtyInPackage>
      <ItemPrice>24.90</ItemPrice>
      <UnitOfMeasurePrice>9.96</UnitOfMeasurePrice>
      <AllowDiscount>1</AllowDiscount>
      <ItemStatus>1</ItemStatus>
    </Item>
    <Item>
      <PriceUpdateDate>2025-07-04 11:08</PriceUpdateDate>
      <ItemCode>7290006511225</ItemCode>
      <ItemType>1</ItemType>
      <ItemName>פטריות חתוכות 290 גר</ItemName>
      <ManufacturerName>לא ידוע</ManufacturerName>
      <ManufactureCountry />
      <ManufacturerItemDescription>פטריות חתוכות וילי פ</ManufacturerItemDescription>
      <UnitQty>גרמים</UnitQty>
      <Quantity>290.00</Quantity>
      <bIsWeighted>0</bIsWeighted>
      <UnitOfMeasure>100 גרם</UnitOfMeasure>
      <QtyInPackage>1</QtyInPackage>
      <ItemPrice>5.50</ItemPrice>
      <UnitOfMeasurePrice>1.90</UnitOfMeasurePrice>
      <AllowDiscount>1</AllowDiscount>
      <ItemStatus>1</ItemStatus>
    </Item>
    <Item>
      <PriceUpdateDate>2025-01-13 10:19</PriceUpdateDate>
      <ItemCode>7290006511683</ItemCode>
      <ItemType>1</ItemType>
      <ItemName>חטיף אדממה פולי סויה</ItemName>
      <ManufacturerName>לא ידוע</ManufacturerName>
      <ManufactureCountry>לא ידוע</ManufactureCountry>
      <ManufacturerItemDescription>חטיף אדממה פולי סויה</ManufacturerItemDescription>
      <UnitQty>גרמים</UnitQty>
      <Quantity>450.00</Quantity>
      <bIsWeighted>0</bIsWeighted>
      <UnitOfMeasure>100 גרם</UnitOfMeasure>
      <QtyInPackage>1</QtyInPackage>
      <ItemPrice>12.90</ItemPrice>
      <UnitOfMeasurePrice>2.87</UnitOfMeasurePrice>
      <AllowDiscount>1</AllowDiscount>
      <ItemStatus>1</ItemStatus>
    </Item>
    <Item>
      <PriceUpdateDate>2024-09-04 12:01</PriceUpdateDate>
      <ItemCode>7290006515926</ItemCode>
      <ItemType>1</ItemType>
      <ItemName>מארז אפרול 700 + פרו שפריץ 750 מ"ל</ItemName>
      <ManufacturerName>לא ידוע</ManufacturerName>
      <ManufactureCountry>איטליה</ManufactureCountry>
      <ManufacturerItemDescription>מארז אפרול 700 + פרו</ManufacturerItemDescription>
      <UnitQty>מיליליטרים</UnitQty>
      <Quantity>1450.00</Quantity>
      <bIsWeighted>0</bIsWeighted>
      <UnitOfMeasure>100 מ"ל</UnitOfMeasure>
      <QtyInPackage>1</QtyInPackage>
      <ItemPrice>119.90</ItemPrice>
      <UnitOfMeasurePrice>8.27</UnitOfMeasurePrice>
      <AllowDiscount>1</AllowDiscount>
      <ItemStatus>1</ItemStatus>
    </Item>
    <Item>
      <PriceUpdateDate>2023-05-11 08:58</PriceUpdateDate>
      <ItemCode>7290006520500</ItemCode>
      <ItemType>1</ItemType>
      <ItemName>שוקיים עוף טרי</ItemName>
      <ManufacturerName>לא ידוע</ManufacturerName>
      <ManufactureCountry>לא ידוע</ManufactureCountry>
      <ManufacturerItemDescription>שוקיים עוף טרי      </ManufacturerItemDescription>
      <UnitQty>Unknown</UnitQty>
      <Quantity>0.00</Quantity>
      <bIsWeighted>1</bIsWeighted>
      <UnitOfMeasure>ק"ג</UnitOfMeasure>
      <QtyInPackage>0</QtyInPackage>
      <ItemPrice>32.90</ItemPrice>
      <UnitOfMeasurePrice>32.90</UnitOfMeasurePrice>
      <AllowDiscount>1</AllowDiscount>
      <ItemStatus>1</ItemStatus>
    </Item>
    <Item>
      <PriceUpdateDate>2024-11-18 15:49</PriceUpdateDate>
      <ItemCode>7290006578686</ItemCode>
      <ItemType>1</ItemType>
      <ItemName>ברי איל דה פרנס במשקל</ItemName>
      <ManufacturerName>לא ידוע</ManufacturerName>
      <ManufactureCountry />
      <ManufacturerItemDescription>ברי איל דה פרנס במשק</ManufacturerItemDescription>
      <UnitQty>Unknown</UnitQty>
      <Quantity>0.00</Quantity>
      <bIsWeighted>1</bIsWeighted>
      <UnitOfMeasure>ק"ג</UnitOfMeasure>
      <QtyInPackage>0</QtyInPackage>
      <ItemPrice>192.00</ItemPrice>
      <UnitOfMeasurePrice>192.00</UnitOfMeasurePrice>
      <AllowDiscount>1</AllowDiscount>
      <ItemStatus>1</ItemStatus>
    </Item>
    <Item>
      <PriceUpdateDate>2025-01-02 08:21</PriceUpdateDate>
      <ItemCode>7290006582799</ItemCode>
      <ItemType>1</ItemType>
      <ItemName>גינגר מסוכר 160 גרם</ItemName>
      <ManufacturerName>לא ידוע</ManufacturerName>
      <ManufactureCountry>לא ידוע</ManufactureCountry>
      <ManufacturerItemDescription>גינגר מסוכר 160 גרם </ManufacturerItemDescription>
      <UnitQty>גרמים</UnitQty>
      <Quantity>160.00</Quantity>
      <bIsWeighted>0</bIsWeighted>
      <UnitOfMeasure>100 גרם</UnitOfMeasure>
      <QtyInPackage>1</QtyInPackage>
      <ItemPrice>17.90</ItemPrice>
      <UnitOfMeasurePrice>11.19</UnitOfMeasurePrice>
      <AllowDiscount>1</AllowDiscount>
      <ItemStatus>1</ItemStatus>
    </Item>
    <Item>
      <PriceUpdateDate>2025-06-06 05:57</PriceUpdateDate>
      <ItemCode>7290006652027</ItemCode>
      <ItemType>1</ItemType>
      <ItemName>במבה מולטי פק 15 יחידות</ItemName>
      <ManufacturerName>לא ידוע</ManufacturerName>
      <ManufactureCountry>לא ידוע</ManufactureCountry>
      <ManufacturerItemDescription>במבה מולטי פק 15 יחי</ManufacturerItemDescription>
      <UnitQty>גרמים</UnitQty>
      <Quantity>300.00</Quantity>
      <bIsWeighted>0</bIsWeighted>
      <UnitOfMeasure>100 גרם</UnitOfMeasure>
      <QtyInPackage>1</QtyInPackage>
      <ItemPrice>31.90</ItemPrice>
      <UnitOfMeasurePrice>10.63</UnitOfMeasurePrice>
      <AllowDiscount>1</AllowDiscount>
      <ItemStatus>1</ItemStatus>
    </Item>
    <Item>
      <PriceUpdateDate>2025-02-24 10:59</PriceUpdateDate>
      <ItemCode>7290006653765</ItemCode>
      <ItemType>1</ItemType>
      <ItemName>פטוציני פרפקטו 500 גרם</ItemName>
      <ManufacturerName>לא ידוע</ManufacturerName>
      <ManufactureCountry>לא ידוע</ManufactureCountry>
      <ManufacturerItemDescription>פטוציני פרפקטו 500 ג</ManufacturerItemDescription>
      <UnitQty>גרמים</UnitQty>
      <Quantity>500.00</Quantity>
      <bIsWeighted>0</bIsWeighted>
      <UnitOfMeasure>100 גרם</UnitOfMeasure>
      <QtyInPackage>1</QtyInPackage>
      <ItemPrice>9.70</ItemPrice>
      <UnitOfMeasurePrice>1.94</UnitOfMeasurePrice>
      <AllowDiscount>1</AllowDiscount>
      <ItemStatus>1</ItemStatus>
    </Item>
    <Item>
      <PriceUpdateDate>2025-03-11 15:19</PriceUpdateDate>
      <ItemCode>7290006653819</ItemCode>
      <ItemType>1</ItemType>
      <ItemName>פתיתי קוסקוס דק 350 גרם</ItemName>
      <ManufacturerName>לא ידוע</ManufacturerName>
      <ManufactureCountry>לא ידוע</ManufactureCountry>
      <ManufacturerItemDescription>פתיתי קוסקוס דק 350 </ManufacturerItemDescription>
      <UnitQty>גרמים</UnitQty>
      <Quantity>350.00</Quantity>
      <bIsWeighted>0</bIsWeighted>
      <UnitOfMeasure>100 גרם</UnitOfMeasure>
      <QtyInPackage>1</QtyInPackage>
      <ItemPrice>11.30</ItemPrice>
      <UnitOfMeasurePrice>3.23</UnitOfMeasurePrice>
      <AllowDiscount>1</AllowDiscount>
      <ItemStatus>1</ItemStatus>
    </Item>
    <Item>
      <PriceUpdateDate>2021-11-10 23:18</PriceUpdateDate>
      <ItemCode>7290006660602</ItemCode>
      <ItemType>1</ItemType>
      <ItemName>מי קוקוס אורגני גרין קוקו קרטונית 1 ליטר</ItemName>
      <ManufacturerName>לא ידוע</ManufacturerName>
      <ManufactureCountry>ויטנאם</ManufactureCountry>
      <ManufacturerItemDescription>מי קוקוס אורגני גרין</ManufacturerItemDescription>
      <UnitQty>מיליליטרים</UnitQty>
      <Quantity>1000.00</Quantity>
      <bIsWeighted>0</bIsWeighted>
      <UnitOfMeasure>100 מ"ל</UnitOfMeasure>
      <QtyInPackage>1</QtyInPackage>
      <ItemPrice>20.90</ItemPrice>
      <UnitOfMeasurePrice>2.09</UnitOfMeasurePrice>
      <AllowDiscount>1</AllowDiscount>
      <ItemStatus>1</ItemStatus>
    </Item>
    <Item>
      <PriceUpdateDate>2025-01-14 08:31</PriceUpdateDate>
      <ItemCode>7290006664655</ItemCode>
      <ItemType>1</ItemType>
      <ItemName>אקטימל טבעי שמינייה</ItemName>
      <ManufacturerName>לא ידוע</ManufacturerName>
      <ManufactureCountry>לא ידוע</ManufactureCountry>
      <ManufacturerItemDescription>אקטימל טבעי שמינייה </ManufacturerItemDescription>
      <UnitQty>מיליליטרים</UnitQty>
      <Quantity>800.00</Quantity>
      <bIsWeighted>0</bIsWeighted>
      <UnitOfMeasure>100 מ"ל</UnitOfMeasure>
      <QtyInPackage>1</QtyInPackage>
      <ItemPrice>23.20</ItemPrice>
      <UnitOfMeasurePrice>2.90</UnitOfMeasurePrice>
      <AllowDiscount>1</AllowDiscount>
      <ItemStatus>1</ItemStatus>
    </Item>
    <Item>
      <PriceUpdateDate>2025-07-27 13:44</PriceUpdateDate>
      <ItemCode>7290006664990</ItemCode>
      <ItemType>1</ItemType>
      <ItemName>מארז ביו 1.7% 2+6 150 גר*8</ItemName>
      <ManufacturerName>לא ידוע</ManufacturerName>
      <ManufactureCountry>לא ידוע</ManufactureCountry>
      <ManufacturerItemDescription>מארז ביו 1.7% 2+6 15</ManufacturerItemDescription>
      <UnitQty>ליטרים</UnitQty>
      <Quantity>0.00</Quantity>
      <bIsWeighted>0</bIsWeighted>
      <UnitOfMeasure>ליטר</UnitOfMeasure>
      <QtyInPackage>1</QtyInPackage>
      <ItemPrice>22.90</ItemPrice>
      <UnitOfMeasurePrice>22.90</UnitOfMeasurePrice>
      <AllowDiscount>1</AllowDiscount>
      <ItemStatus>1</ItemStatus>
    </Item>
    <Item>
      <PriceUpdateDate>2025-12-02 08:54</PriceUpdateDate>
      <ItemCode>7290006681553</ItemCode>
      <ItemType>1</ItemType>
      <ItemName>שטראוס קרמבו וניל 8 יח</ItemName>
      <ManufacturerName>לא ידוע</ManufacturerName>
      <ManufactureCountry>לא ידוע</ManufactureCountry>
      <ManufacturerItemDescription>קרמבו וניל 8 יח     </ManufacturerItemDescription>
      <UnitQty>Unknown</UnitQty>
      <Quantity>0.00</Quantity>
      <bIsWeighted>0</bIsWeighted>
      <UnitOfMeasure>Unknown</UnitOfMeasure>
      <QtyInPackage>1</QtyInPackage>
      <ItemPrice>22.90</ItemPrice>
      <UnitOfMeasurePrice>22.90</UnitOfMeasurePrice>
      <AllowDiscount>1</AllowDiscount>
      <ItemStatus>1</ItemStatus>
    </Item>
    <Item>
      <PriceUpdateDate>2025-12-02 08:54</PriceUpdateDate>
      <ItemCode>7290006681560</ItemCode>
      <ItemType>1</ItemType>
      <ItemName>שטראוס קרמבו מוקה 8 יח</ItemName>
      <ManufacturerName>לא ידוע</ManufacturerName>
      <ManufactureCountry>לא ידוע</ManufactureCountry>
      <ManufacturerItemDescription>שטראוס קרמבו מוקה 8 </ManufacturerItemDescription>
      <UnitQty>Unknown</UnitQty>
      <Quantity>0.00</Quantity>
      <bIsWeighted>0</bIsWeighted>
      <UnitOfMeasure>Unknown</UnitOfMeasure>
      <QtyInPackage>1</QtyInPackage>
      <ItemPrice>22.90</ItemPrice>
      <UnitOfMeasurePrice>22.90</UnitOfMeasurePrice>
      <AllowDiscount>1</AllowDiscount>
      <ItemStatus>1</ItemStatus>
    </Item>
    <Item>
      <PriceUpdateDate>2024-06-03 09:50</PriceUpdateDate>
      <ItemCode>7290006704078</ItemCode>
      <ItemType>1</ItemType>
      <ItemName>אורגנו</ItemName>
      <ManufacturerName>לא ידוע</ManufacturerName>
      <ManufactureCountry>לא ידוע</ManufactureCountry>
      <ManufacturerItemDescription>אורגנו              </ManufacturerItemDescription>
      <UnitQty>Unknown</UnitQty>
      <Quantity>0.00</Quantity>
      <bIsWeighted>0</bIsWeighted>
      <UnitOfMeasure>Unknown</UnitOfMeasure>
      <QtyInPackage>1</QtyInPackage>
      <ItemPrice>6.90</ItemPrice>
      <UnitOfMeasurePrice>6.90</UnitOfMeasurePrice>
      <AllowDiscount>1</AllowDiscount>
      <ItemStatus>1</ItemStatus>
    </Item>
    <Item>
      <PriceUpdateDate>2024-11-18 15:58</PriceUpdateDate>
      <ItemCode>7290006705334</ItemCode>
      <ItemType>1</ItemType>
      <ItemName>מקלות סורימי 200 גרם</ItemName>
      <ManufacturerName>לא ידוע</ManufacturerName>
      <ManufactureCountry>לא ידוע</ManufactureCountry>
      <ManufacturerItemDescription>מקלות סורימי 200 גרם</ManufacturerItemDescription>
      <UnitQty>גרמים</UnitQty>
      <Quantity>200.00</Quantity>
      <bIsWeighted>0</bIsWeighted>
      <UnitOfMeasure>100 גרם</UnitOfMeasure>
      <QtyInPackage>1</QtyInPackage>
      <ItemPrice>5.20</ItemPrice>
      <UnitOfMeasurePrice>2.60</UnitOfMeasurePrice>
      <AllowDiscount>1</AllowDiscount>
      <ItemStatus>1</ItemStatus>
    </Item>
    <Item>
      <PriceUpdateDate>2024-11-18 15:43</PriceUpdateDate>
      <ItemCode>7290006705594</ItemCode>
      <ItemType>1</ItemType>
      <ItemName>נתחי סורימי 200 גרם</ItemName>
      <ManufacturerName>לא ידוע</ManufacturerName>
      <ManufactureCountry>לא ידוע</ManufactureCountry>
      <ManufacturerItemDescription>נתחי סורימי 200 גרם </ManufacturerItemDescription>
      <UnitQty>גרמים</UnitQty>
      <Quantity>200.00</Quantity>
      <bIsWeighted>0</bIsWeighted>
      <UnitOfMeasure>100 גרם</UnitOfMeasure>
      <QtyInPackage>1</QtyInPackage>
      <ItemPrice>5.70</ItemPrice>
      <UnitOfMeasurePrice>2.85</UnitOfMeasurePrice>
      <AllowDiscount>1</AllowDiscount>
      <ItemStatus>1</ItemStatus>
    </Item>
    <Item>
      <PriceUpdateDate>2025-03-20 12:19</PriceUpdateDate>
      <ItemCode>7290006739445</ItemCode>
      <ItemType>1</ItemType>
      <ItemName>שניצל תירס קלאסי 750 גר בדצ</ItemName>
      <ManufacturerName>לא ידוע</ManufacturerName>
      <ManufactureCountry>לא ידוע</ManufactureCountry>
      <ManufacturerItemDescription>שניצל תירס קלאסי 750</ManufacturerItemDescription>
      <UnitQty>Unknown</UnitQty>
      <Quantity>0.00</Quantity>
      <bIsWeighted>0</bIsWeighted>
      <UnitOfMeasure>Unknown</UnitOfMeasure>
      <QtyInPackage>1</QtyInPackage>
      <ItemPrice>34.90</ItemPrice>
      <UnitOfMeasurePrice>34.90</UnitOfMeasurePrice>
      <AllowDiscount>1</AllowDiscount>
      <ItemStatus>1</ItemStatus>
    </Item>
    <Item>
      <PriceUpdateDate>2025-01-02 08:23</PriceUpdateDate>
      <ItemCode>7290006748072</ItemCode>
      <ItemType>1</ItemType>
      <ItemName>רגע של שקט</ItemName>
      <ManufacturerName>לא ידוע</ManufacturerName>
      <ManufactureCountry>לא ידוע</ManufactureCountry>
      <ManufacturerItemDescription>רגע של שקט          </ManufacturerItemDescription>
      <UnitQty>Unknown</UnitQty>
      <Quantity>0.00</Quantity>
      <bIsWeighted>0</bIsWeighted>
      <UnitOfMeasure>Unknown</UnitOfMeasure>
      <QtyInPackage>1</QtyInPackage>
      <ItemPrice>35.00</ItemPrice>
      <UnitOfMeasurePrice>35.00</UnitOfMeasurePrice>
      <AllowDiscount>1</AllowDiscount>
      <ItemStatus>1</ItemStatus>
    </Item>
    <Item>
      <PriceUpdateDate>2023-01-22 12:21</PriceUpdateDate>
      <ItemCode>7290006748096</ItemCode>
      <ItemType>1</ItemType>
      <ItemName>לב בוער</ItemName>
      <ManufacturerName>לא ידוע</ManufacturerName>
      <ManufactureCountry>לא ידוע</ManufactureCountry>
      <ManufacturerItemDescription>לב בוער             </ManufacturerItemDescription>
      <UnitQty>Unknown</UnitQty>
      <Quantity>0.00</Quantity>
      <bIsWeighted>0</bIsWeighted>
      <UnitOfMeasure>Unknown</UnitOfMeasure>
      <QtyInPackage>1</QtyInPackage>
      <ItemPrice>50.00</ItemPrice>
      <UnitOfMeasurePrice>50.00</UnitOfMeasurePrice>
      <AllowDiscount>1</AllowDiscount>
      <ItemStatus>1</ItemStatus>
    </Item>
    <Item>
      <PriceUpdateDate>2021-01-20 21:12</PriceUpdateDate>
      <ItemCode>7290006748119</ItemCode>
      <ItemType>1</ItemType>
      <ItemName>פראי בלב</ItemName>
      <ManufacturerName>לא ידוע</ManufacturerName>
      <ManufactureCountry>לא ידוע</ManufactureCountry>
      <ManufacturerItemDescription>פראי בלב            </ManufacturerItemDescription>
      <UnitQty>Unknown</UnitQty>
      <Quantity>0.00</Quantity>
      <bIsWeighted>0</bIsWeighted>
      <UnitOfMeasure>Unknown</UnitOfMeasure>
      <QtyInPackage>1</QtyInPackage>
      <ItemPrice>59.00</ItemPrice>
      <UnitOfMeasurePrice>59.00</UnitOfMeasurePrice>
      <AllowDiscount>1</AllowDiscount>
      <ItemStatus>1</ItemStatus>
    </Item>
    <Item>
      <PriceUpdateDate>2025-01-02 08:24</PriceUpdateDate>
      <ItemCode>7290006748157</ItemCode>
      <ItemType>1</ItemType>
      <ItemName>פריחת הלב</ItemName>
      <ManufacturerName>לא ידוע</ManufacturerName>
      <ManufactureCountry>לא ידוע</ManufactureCountry>
      <ManufacturerItemDescription>פריחת הלב           </ManufacturerItemDescription>
      <UnitQty>Unknown</UnitQty>
      <Quantity>0.00</Quantity>
      <bIsWeighted>0</bIsWeighted>
      <UnitOfMeasure>Unknown</UnitOfMeasure>
      <QtyInPackage>1</QtyInPackage>
      <ItemPrice>30.00</ItemPrice>
      <UnitOfMeasurePrice>30.00</UnitOfMeasurePrice>
      <AllowDiscount>1</AllowDiscount>
      <ItemStatus>1</ItemStatus>
    </Item>
    <Item>
      <PriceUpdateDate>2023-10-09 14:55</PriceUpdateDate>
      <ItemCode>7290006748249</ItemCode>
      <ItemType>1</ItemType>
      <ItemName>הפריחה הנצחית</ItemName>
      <ManufacturerName>לא ידוע</ManufacturerName>
      <ManufactureCountry>לא ידוע</ManufactureCountry>
      <ManufacturerItemDescription>הפריחה הנצחית       </ManufacturerItemDescription>
      <UnitQty>Unknown</UnitQty>
      <Quantity>0.00</Quantity>
      <bIsWeighted>0</bIsWeighted>
      <UnitOfMeasure>Unknown</UnitOfMeasure>
      <QtyInPackage>1</QtyInPackage>
      <ItemPrice>75.00</ItemPrice>
      <UnitOfMeasurePrice>75.00</UnitOfMeasurePrice>
      <AllowDiscount>1</AllowDiscount>
      <ItemStatus>1</ItemStatus>
    </Item>
    <Item>
      <PriceUpdateDate>2025-01-01 15:02</PriceUpdateDate>
      <ItemCode>7290006748430</ItemCode>
      <ItemType>1</ItemType>
      <ItemName>דייט ראשון</ItemName>
      <ManufacturerName>לא ידוע</ManufacturerName>
      <ManufactureCountry>לא ידוע</ManufactureCountry>
      <ManufacturerItemDescription>דייט ראשון          </ManufacturerItemDescription>
      <UnitQty>Unknown</UnitQty>
      <Quantity>0.00</Quantity>
      <bIsWeighted>0</bIsWeighted>
      <UnitOfMeasure>Unknown</UnitOfMeasure>
      <QtyInPackage>1</QtyInPackage>
      <ItemPrice>39.00</ItemPrice>
      <UnitOfMeasurePrice>39.00</UnitOfMeasurePrice>
      <AllowDiscount>1</AllowDiscount>
      <ItemStatus>1</ItemStatus>
    </Item>
    <Item>
      <PriceUpdateDate>2025-01-01 15:02</PriceUpdateDate>
      <ItemCode>7290006748591</ItemCode>
      <ItemType>1</ItemType>
      <ItemName>נפלאות הטבע</ItemName>
      <ManufacturerName>לא ידוע</ManufacturerName>
      <ManufactureCountry>לא ידוע</ManufactureCountry>
      <ManufacturerItemDescription>נפלאות הטבע         </ManufacturerItemDescription>
      <UnitQty>Unknown</UnitQty>
      <Quantity>0.00</Quantity>
      <bIsWeighted>0</bIsWeighted>
      <UnitOfMeasure>Unknown</UnitOfMeasure>
      <QtyInPackage>1</QtyInPackage>
      <ItemPrice>33.00</ItemPrice>
      <UnitOfMeasurePrice>33.00</UnitOfMeasurePrice>
      <AllowDiscount>1</AllowDiscount>
      <ItemStatus>1</ItemStatus>
    </Item>
    <Item>
      <PriceUpdateDate>2025-01-01 15:02</PriceUpdateDate>
      <ItemCode>7290006748669</ItemCode>
      <ItemType>1</ItemType>
      <ItemName>קשת בענן</ItemName>
      <ManufacturerName>לא ידוע</ManufacturerName>
      <ManufactureCountry>לא ידוע</ManufactureCountry>
      <ManufacturerItemDescription>קשת בענן            </ManufacturerItemDescription>
      <UnitQty>Unknown</UnitQty>
      <Quantity>0.00</Quantity>
      <bIsWeighted>0</bIsWeighted>
      <UnitOfMeasure>Unknown</UnitOfMeasure>
      <QtyInPackage>1</QtyInPackage>
      <ItemPrice>69.00</ItemPrice>
      <UnitOfMeasurePrice>69.00</UnitOfMeasurePrice>
      <AllowDiscount>1</AllowDiscount>
      <ItemStatus>1</ItemStatus>
    </Item>
    <Item>
      <PriceUpdateDate>2025-01-01 15:02</PriceUpdateDate>
      <ItemCode>7290006748683</ItemCode>
      <ItemType>1</ItemType>
      <ItemName>השמחה של דורין</ItemName>
      <ManufacturerName>לא ידוע</ManufacturerName>
      <ManufactureCountry>לא ידוע</ManufactureCountry>
      <ManufacturerItemDescription>השמחה של דורין      </ManufacturerItemDescription>
      <UnitQty>Unknown</UnitQty>
      <Quantity>0.00</Quantity>
      <bIsWeighted>0</bIsWeighted>
      <UnitOfMeasure>Unknown</UnitOfMeasure>
      <QtyInPackage>1</QtyInPackage>
      <ItemPrice>98.00</ItemPrice>
      <UnitOfMeasurePrice>98.00</UnitOfMeasurePrice>
      <AllowDiscount>1</AllowDiscount>
      <ItemStatus>1</ItemStatus>
    </Item>
    <Item>
      <PriceUpdateDate>2024-07-07 18:02</PriceUpdateDate>
      <ItemCode>7290006764072</ItemCode>
      <ItemType>1</ItemType>
      <ItemName>בירה גולדסטאר בק חוזר 500 מ"ל</ItemName>
      <ManufacturerName>לא ידוע</ManufacturerName>
      <ManufactureCountry />
      <ManufacturerItemDescription>בירה גולדסטאר 500 מ"</ManufacturerItemDescription>
      <UnitQty>מיליליטרים</UnitQty>
      <Quantity>500.00</Quantity>
      <bIsWeighted>0</bIsWeighted>
      <UnitOfMeasure>100 מ"ל</UnitOfMeasure>
      <QtyInPackage>1</QtyInPackage>
      <ItemPrice>8.80</ItemPrice>
      <UnitOfMeasurePrice>1.76</UnitOfMeasurePrice>
      <AllowDiscount>1</AllowDiscount>
      <ItemStatus>1</ItemStatus>
    </Item>
    <Item>
      <PriceUpdateDate>2025-11-14 09:53</PriceUpdateDate>
      <ItemCode>7290006765000</ItemCode>
      <ItemType>1</ItemType>
      <ItemName>טורטיה מקמח מלא 450 גרם</ItemName>
      <ManufacturerName>לא ידוע</ManufacturerName>
      <ManufactureCountry>לא ידוע</ManufactureCountry>
      <ManufacturerItemDescription>טורטיה מקמח מלא 450 </ManufacturerItemDescription>
      <UnitQty>גרמים</UnitQty>
      <Quantity>450.00</Quantity>
      <bIsWeighted>0</bIsWeighted>
      <UnitOfMeasure>100 גרם</UnitOfMeasure>
      <QtyInPackage>1</QtyInPackage>
      <ItemPrice>13.90</ItemPrice>
      <UnitOfMeasurePrice>3.09</UnitOfMeasurePrice>
      <AllowDiscount>1</AllowDiscount>
      <ItemStatus>1</ItemStatus>
    </Item>
    <Item>
      <PriceUpdateDate>2024-01-27 18:58</PriceUpdateDate>
      <ItemCode>7290006766014</ItemCode>
      <ItemType>1</ItemType>
      <ItemName>רצועות קוקוס 160 גרם</ItemName>
      <ManufacturerName>לא ידוע</ManufacturerName>
      <ManufactureCountry>לא ידוע</ManufactureCountry>
      <ManufacturerItemDescription>רצועות קוקוס 160 גרם</ManufacturerItemDescription>
      <UnitQty>גרמים</UnitQty>
      <Quantity>160.00</Quantity>
      <bIsWeighted>0</bIsWeighted>
      <UnitOfMeasure>100 גרם</UnitOfMeasure>
      <QtyInPackage>1</QtyInPackage>
      <ItemPrice>21.90</ItemPrice>
      <UnitOfMeasurePrice>13.69</UnitOfMeasurePrice>
      <AllowDiscount>1</AllowDiscount>
      <ItemStatus>1</ItemStatus>
    </Item>
    <Item>
      <PriceUpdateDate>2025-05-27 15:11</PriceUpdateDate>
      <ItemCode>7290006822192</ItemCode>
      <ItemType>1</ItemType>
      <ItemName>נקטר פריגת דיאט חמוציות 1 ליטר</ItemName>
      <ManufacturerName>לא ידוע</ManufacturerName>
      <ManufactureCountry>לא ידוע</ManufactureCountry>
      <ManufacturerItemDescription>נקטר חמוציות דיאט   </ManufacturerItemDescription>
      <UnitQty>מיליליטרים</UnitQty>
      <Quantity>1000.00</Quantity>
      <bIsWeighted>0</bIsWeighted>
      <UnitOfMeasure>100 מ"ל</UnitOfMeasure>
      <QtyInPackage>1</QtyInPackage>
      <ItemPrice>14.20</ItemPrice>
      <UnitOfMeasurePrice>1.42</UnitOfMeasurePrice>
      <AllowDiscount>1</AllowDiscount>
      <ItemStatus>1</ItemStatus>
    </Item>
    <Item>
      <PriceUpdateDate>2024-11-17 13:15</PriceUpdateDate>
      <ItemCode>7290006833822</ItemCode>
      <ItemType>1</ItemType>
      <ItemName>נקניקיות עוף 600 גר מזרע</ItemName>
      <ManufacturerName>לא ידוע</ManufacturerName>
      <ManufactureCountry>IL</ManufactureCountry>
      <ManufacturerItemDescription>נקניקיות עוף 600 גר </ManufacturerItemDescription>
      <UnitQty>גרמים</UnitQty>
      <Quantity>600.00</Quantity>
      <bIsWeighted>0</bIsWeighted>
      <UnitOfMeasure>100 גרם</UnitOfMeasure>
      <QtyInPackage>1</QtyInPackage>
      <ItemPrice>25.90</ItemPrice>
      <UnitOfMeasurePrice>4.32</UnitOfMeasurePrice>
      <AllowDiscount>1</AllowDiscount>
      <ItemStatus>1</ItemStatus>
    </Item>
    <Item>
      <PriceUpdateDate>2025-07-10 11:36</PriceUpdateDate>
      <ItemCode>7290006834539</ItemCode>
      <ItemType>1</ItemType>
      <ItemName>גבינת קומבוזולה גרמנית במשקל</ItemName>
      <ManufacturerName>לא ידוע</ManufacturerName>
      <ManufactureCountry>לא ידוע</ManufactureCountry>
      <ManufacturerItemDescription>גבינת קמבזולה במשקל </ManufacturerItemDescription>
      <UnitQty>Unknown</UnitQty>
      <Quantity>0.00</Quantity>
      <bIsWeighted>1</bIsWeighted>
      <UnitOfMeasure>ק"ג</UnitOfMeasure>
      <QtyInPackage>0</QtyInPackage>
      <ItemPrice>219.00</ItemPrice>
      <UnitOfMeasurePrice>219.00</UnitOfMeasurePrice>
      <AllowDiscount>1</AllowDiscount>
      <ItemStatus>1</ItemStatus>
    </Item>
    <Item>
      <PriceUpdateDate>2025-07-10 11:34</PriceUpdateDate>
      <ItemCode>7290006834546</ItemCode>
      <ItemType>1</ItemType>
      <ItemName>גבינת שמברי גרמנית במשקל</ItemName>
      <ManufacturerName>לא ידוע</ManufacturerName>
      <ManufactureCountry>לא ידוע</ManufactureCountry>
      <ManufacturerItemDescription>גבינת שמברי גרמנית  </ManufacturerItemDescription>
      <UnitQty>Unknown</UnitQty>
      <Quantity>0.00</Quantity>
      <bIsWeighted>1</bIsWeighted>
      <UnitOfMeasure>ק"ג</UnitOfMeasure>
      <QtyInPackage>0</QtyInPackage>
      <ItemPrice>239.00</ItemPrice>
      <UnitOfMeasurePrice>239.00</UnitOfMeasurePrice>
      <AllowDiscount>1</AllowDiscount>
      <ItemStatus>1</ItemStatus>
    </Item>
    <Item>
      <PriceUpdateDate>2025-07-10 11:36</PriceUpdateDate>
      <ItemCode>7290006834553</ItemCode>
      <ItemType>1</ItemType>
      <ItemName>גבינת רוגט גרמני במשקל</ItemName>
      <ManufacturerName>לא ידוע</ManufacturerName>
      <ManufactureCountry>לא ידוע</ManufactureCountry>
      <ManufacturerItemDescription>גבינת רוגט גרמני    </ManufacturerItemDescription>
      <UnitQty>Unknown</UnitQty>
      <Quantity>0.00</Quantity>
      <bIsWeighted>1</bIsWeighted>
      <UnitOfMeasure>ק"ג</UnitOfMeasure>
      <QtyInPackage>0</QtyInPackage>
      <ItemPrice>269.00</ItemPrice>
      <UnitOfMeasurePrice>269.00</UnitOfMeasurePrice>
      <AllowDiscount>1</AllowDiscount>
      <ItemStatus>1</ItemStatus>
    </Item>
    <Item>
      <PriceUpdateDate>2024-11-17 13:15</PriceUpdateDate>
      <ItemCode>7290006835321</ItemCode>
      <ItemType>1</ItemType>
      <ItemName>קבנוס עגל 250 גר</ItemName>
      <ManufacturerName>לא ידוע</ManufacturerName>
      <ManufactureCountry>לא ידוע</ManufactureCountry>
      <ManufacturerItemDescription>קבנוס עגל 250 גר    </ManufacturerItemDescription>
      <UnitQty>גרמים</UnitQty>
      <Quantity>250.00</Quantity>
      <bIsWeighted>0</bIsWeighted>
      <UnitOfMeasure>100 גרם</UnitOfMeasure>
      <QtyInPackage>1</QtyInPackage>
      <ItemPrice>32.90</ItemPrice>
      <UnitOfMeasurePrice>13.16</UnitOfMeasurePrice>
      <AllowDiscount>1</AllowDiscount>
      <ItemStatus>1</ItemStatus>
    </Item>
    <Item>
      <PriceUpdateDate>2023-05-22 18:42</PriceUpdateDate>
      <ItemCode>7290006866363</ItemCode>
      <ItemType>1</ItemType>
      <ItemName>אשכוליות אדומות טבעי סחוט 1 ל פרימור</ItemName>
      <ManufacturerName>לא ידוע</ManufacturerName>
      <ManufactureCountry>לא ידוע</ManufactureCountry>
      <ManufacturerItemDescription>אשכוליות אדומות טבעי</ManufacturerItemDescription>
      <UnitQty>מיליליטרים</UnitQty>
      <Quantity>1000.00</Quantity>
      <bIsWeighted>0</bIsWeighted>
      <UnitOfMeasure>100 מ"ל</UnitOfMeasure>
      <QtyInPackage>1</QtyInPackage>
      <ItemPrice>18.50</ItemPrice>
      <UnitOfMeasurePrice>1.85</UnitOfMeasurePrice>
      <AllowDiscount>1</AllowDiscount>
      <ItemStatus>1</ItemStatus>
    </Item>
    <Item>
      <PriceUpdateDate>2024-10-09 17:19</PriceUpdateDate>
      <ItemCode>7290006918642</ItemCode>
      <ItemType>1</ItemType>
      <ItemName>סט 3 מזלגות כלנית</ItemName>
      <ManufacturerName>לא ידוע</ManufacturerName>
      <ManufactureCountry>לא ידוע</ManufactureCountry>
      <ManufacturerItemDescription>כלנית סט 3 מזלגות על</ManufacturerItemDescription>
      <UnitQty>Unknown</UnitQty>
      <Quantity>0.00</Quantity>
      <bIsWeighted>0</bIsWeighted>
      <UnitOfMeasure>Unknown</UnitOfMeasure>
      <QtyInPackage>1</QtyInPackage>
      <ItemPrice>17.90</ItemPrice>
      <UnitOfMeasurePrice>17.90</UnitOfMeasurePrice>
      <AllowDiscount>1</AllowDiscount>
      <ItemStatus>1</ItemStatus>
    </Item>
    <Item>
      <PriceUpdateDate>2025-06-06 05:56</PriceUpdateDate>
      <ItemCode>7290006983152</ItemCode>
      <ItemType>1</ItemType>
      <ItemName>קרוטונים מתובלים למרק 400 גרם</ItemName>
      <ManufacturerName>לא ידוע</ManufacturerName>
      <ManufactureCountry>לא ידוע</ManufactureCountry>
      <ManufacturerItemDescription>קרוטונים מתובלים למר</ManufacturerItemDescription>
      <UnitQty>גרמים</UnitQty>
      <Quantity>400.00</Quantity>
      <bIsWeighted>0</bIsWeighted>
      <UnitOfMeasure>100 גרם</UnitOfMeasure>
      <QtyInPackage>1</QtyInPackage>
      <ItemPrice>24.90</ItemPrice>
      <UnitOfMeasurePrice>6.23</UnitOfMeasurePrice>
      <AllowDiscount>1</AllowDiscount>
      <ItemStatus>1</ItemStatus>
    </Item>
    <Item>
      <PriceUpdateDate>2025-03-11 15:19</PriceUpdateDate>
      <ItemCode>7290006983763</ItemCode>
      <ItemType>1</ItemType>
      <ItemName>עוגת שוקולד 400 גרם</ItemName>
      <ManufacturerName>לא ידוע</ManufacturerName>
      <ManufactureCountry>לא ידוע</ManufactureCountry>
      <ManufacturerItemDescription>עוגת הבית בטעם שוקול</ManufacturerItemDescription>
      <UnitQty>גרמים</UnitQty>
      <Quantity>400.00</Quantity>
      <bIsWeighted>0</bIsWeighted>
      <UnitOfMeasure>100 גרם</UnitOfMeasure>
      <QtyInPackage>1</QtyInPackage>
      <ItemPrice>17.90</ItemPrice>
      <UnitOfMeasurePrice>4.48</UnitOfMeasurePrice>
      <AllowDiscount>1</AllowDiscount>
      <ItemStatus>1</ItemStatus>
    </Item>
    <Item>
      <PriceUpdateDate>2025-03-25 06:55</PriceUpdateDate>
      <ItemCode>7290008102995</ItemCode>
      <ItemType>1</ItemType>
      <ItemName>סוכריות בטעם שוקולד לקישוט 180 גר</ItemName>
      <ManufacturerName>לא ידוע</ManufacturerName>
      <ManufactureCountry>IL</ManufactureCountry>
      <ManufacturerItemDescription>סוכריות בטעם שוקולד </ManufacturerItemDescription>
      <UnitQty>גרמים</UnitQty>
      <Quantity>180.00</Quantity>
      <bIsWeighted>0</bIsWeighted>
      <UnitOfMeasure>100 גרם</UnitOfMeasure>
      <QtyInPackage>1</QtyInPackage>
      <ItemPrice>18.50</ItemPrice>
      <UnitOfMeasurePrice>10.28</UnitOfMeasurePrice>
      <AllowDiscount>1</AllowDiscount>
      <ItemStatus>1</ItemStatus>
    </Item>
    <Item>
      <PriceUpdateDate>2025-08-20 12:56</PriceUpdateDate>
      <ItemCode>7290008175173</ItemCode>
      <ItemType>1</ItemType>
      <ItemName>לורפק חמאה 200 גר</ItemName>
      <ManufacturerName>לא ידוע</ManufacturerName>
      <ManufactureCountry>לא ידוע</ManufactureCountry>
      <ManufacturerItemDescription>חמאה ללא תוספת מלח 2</ManufacturerItemDescription>
      <UnitQty>גרמים</UnitQty>
      <Quantity>200.00</Quantity>
      <bIsWeighted>0</bIsWeighted>
      <UnitOfMeasure>100 גרם</UnitOfMeasure>
      <QtyInPackage>1</QtyInPackage>
      <ItemPrice>19.90</ItemPrice>
      <UnitOfMeasurePrice>9.95</UnitOfMeasurePrice>
      <AllowDiscount>1</AllowDiscount>
      <ItemStatus>1</ItemStatus>
    </Item>
    <Item>
      <PriceUpdateDate>2025-01-14 08:31</PriceUpdateDate>
      <ItemCode>7290008175210</ItemCode>
      <ItemType>1</ItemType>
      <ItemName>פרמזן מגורדת 90 גר</ItemName>
      <ManufacturerName>לא ידוע</ManufacturerName>
      <ManufactureCountry>לא ידוע</ManufactureCountry>
      <ManufacturerItemDescription>פרמזנו מגורדת 90 גר </ManufacturerItemDescription>
      <UnitQty>גרמים</UnitQty>
      <Quantity>90.00</Quantity>
      <bIsWeighted>0</bIsWeighted>
      <UnitOfMeasure>100 גרם</UnitOfMeasure>
      <QtyInPackage>1</QtyInPackage>
      <ItemPrice>18.90</ItemPrice>
      <UnitOfMeasurePrice>21.00</UnitOfMeasurePrice>
      <AllowDiscount>1</AllowDiscount>
      <ItemStatus>1</ItemStatus>
    </Item>
    <Item>
      <PriceUpdateDate>2025-03-25 06:58</PriceUpdateDate>
      <ItemCode>7290008175814</ItemCode>
      <ItemType>1</ItemType>
      <ItemName>וילי פוד פטריות שמפניון חתיכות 400 גר`</ItemName>
      <ManufacturerName>לא ידוע</ManufacturerName>
      <ManufactureCountry>הולנד</ManufactureCountry>
      <ManufacturerItemDescription>וילי פוד פטריות שמפנ</ManufacturerItemDescription>
      <UnitQty>גרמים</UnitQty>
      <Quantity>400.00</Quantity>
      <bIsWeighted>0</bIsWeighted>
      <UnitOfMeasure>100 גרם</UnitOfMeasure>
      <QtyInPackage>1</QtyInPackage>
      <ItemPrice>6.90</ItemPrice>
      <UnitOfMeasurePrice>1.73</UnitOfMeasurePrice>
      <AllowDiscount>1</AllowDiscount>
      <ItemStatus>1</ItemStatus>
    </Item>
    <Item>
      <PriceUpdateDate>2025-07-28 08:34</PriceUpdateDate>
      <ItemCode>7290008329316</ItemCode>
      <ItemType>1</ItemType>
      <ItemName>כפות פרימיום שקוף/קר</ItemName>
      <ManufacturerName>לא ידוע</ManufacturerName>
      <ManufactureCountry>טורקיה</ManufactureCountry>
      <ManufacturerItemDescription>כפות פרימיום שקוף/קר</ManufacturerItemDescription>
      <UnitQty>Unknown</UnitQty>
      <Quantity>1.00</Quantity>
      <bIsWeighted>0</bIsWeighted>
      <UnitOfMeasure>Unknown</UnitOfMeasure>
      <QtyInPackage>1</QtyInPackage>
      <ItemPrice>9.90</ItemPrice>
      <UnitOfMeasurePrice>9.90</UnitOfMeasurePrice>
      <AllowDiscount>1</AllowDiscount>
      <ItemStatus>1</ItemStatus>
    </Item>
    <Item>
      <PriceUpdateDate>2025-03-20 12:20</PriceUpdateDate>
      <ItemCode>7290008329415</ItemCode>
      <ItemType>1</ItemType>
      <ItemName>צלחות גדולות לבנות  </ItemName>
      <ManufacturerName>לא ידוע</ManufacturerName>
      <ManufactureCountry>טורקיה</ManufactureCountry>
      <ManufacturerItemDescription>צלחות גדולות לבנות  </ManufacturerItemDescription>
      <UnitQty>יחידה</UnitQty>
      <Quantity>1.00</Quantity>
      <bIsWeighted>0</bIsWeighted>
      <UnitOfMeasure>יחידה</UnitOfMeasure>
      <QtyInPackage>1</QtyInPackage>
      <ItemPrice>12.10</ItemPrice>
      <UnitOfMeasurePrice>12.10</UnitOfMeasurePrice>
      <AllowDiscount>1</AllowDiscount>
      <ItemStatus>1</ItemStatus>
    </Item>
    <Item>
      <PriceUpdateDate>2025-01-13 10:21</PriceUpdateDate>
      <ItemCode>7290008403191</ItemCode>
      <ItemType>1</ItemType>
      <ItemName>גבינת קשקבל בשלה במשקל</ItemName>
      <ManufacturerName>לא ידוע</ManufacturerName>
      <ManufactureCountry>לא ידוע</ManufactureCountry>
      <ManufacturerItemDescription>גבינת קשקבל בשלה    </ManufacturerItemDescription>
      <UnitQty>Unknown</UnitQty>
      <Quantity>0.00</Quantity>
      <bIsWeighted>1</bIsWeighted>
      <UnitOfMeasure>ק"ג</UnitOfMeasure>
      <QtyInPackage>0</QtyInPackage>
      <ItemPrice>159.00</ItemPrice>
      <UnitOfMeasurePrice>159.00</UnitOfMeasurePrice>
      <AllowDiscount>1</AllowDiscount>
      <ItemStatus>1</ItemStatus>
    </Item>
    <Item>
      <PriceUpdateDate>2025-03-06 18:51</PriceUpdateDate>
      <ItemCode>7290008409124</ItemCode>
      <ItemType>1</ItemType>
      <ItemName>שניצל גונגל 700 גרם</ItemName>
      <ManufacturerName>לא ידוע</ManufacturerName>
      <ManufactureCountry>לא ידוע</ManufactureCountry>
      <ManufacturerItemDescription>שניצל גונגל מאמא עוף</ManufacturerItemDescription>
      <UnitQty>גרמים</UnitQty>
      <Quantity>700.00</Quantity>
      <bIsWeighted>0</bIsWeighted>
      <UnitOfMeasure>100 גרם</UnitOfMeasure>
      <QtyInPackage>1</QtyInPackage>
      <ItemPrice>45.90</ItemPrice>
      <UnitOfMeasurePrice>6.56</UnitOfMeasurePrice>
      <AllowDiscount>1</AllowDiscount>
      <ItemStatus>1</ItemStatus>
    </Item>
    <Item>
      <PriceUpdateDate>2024-05-20 11:36</PriceUpdateDate>
      <ItemCode>7290008409216</ItemCode>
      <ItemType>1</ItemType>
      <ItemName>שניצל דק דק פריך 700 גר</ItemName>
      <ManufacturerName>לא ידוע</ManufacturerName>
      <ManufactureCountry>לא ידוע</ManufactureCountry>
      <ManufacturerItemDescription>שניצל דק דק פריך 700</ManufacturerItemDescription>
      <UnitQty>גרמים</UnitQty>
      <Quantity>700.00</Quantity>
      <bIsWeighted>0</bIsWeighted>
      <UnitOfMeasure>100 גרם</UnitOfMeasure>
      <QtyInPackage>1</QtyInPackage>
      <ItemPrice>52.90</ItemPrice>
      <UnitOfMeasurePrice>7.56</UnitOfMeasurePrice>
      <AllowDiscount>1</AllowDiscount>
      <ItemStatus>1</ItemStatus>
    </Item>
    <Item>
      <PriceUpdateDate>2024-05-19 11:10</PriceUpdateDate>
      <ItemCode>7290008409551</ItemCode>
      <ItemType>1</ItemType>
      <ItemName>שניצל עוף אמיתי בציפוי מעודן-700 גרם</ItemName>
      <ManufacturerName>לא ידוע</ManufacturerName>
      <ManufactureCountry>לא ידוע</ManufactureCountry>
      <ManufacturerItemDescription>שניצל עוף אמיתי בציפ</ManufacturerItemDescription>
      <UnitQty>גרמים</UnitQty>
      <Quantity>700.00</Quantity>
      <bIsWeighted>0</bIsWeighted>
      <UnitOfMeasure>100 גרם</UnitOfMeasure>
      <QtyInPackage>1</QtyInPackage>
      <ItemPrice>52.90</ItemPrice>
      <UnitOfMeasurePrice>7.56</UnitOfMeasurePrice>
      <AllowDiscount>1</AllowDiscount>
      <ItemStatus>1</ItemStatus>
    </Item>
    <Item>
      <PriceUpdateDate>2024-05-20 11:36</PriceUpdateDate>
      <ItemCode>7290008409582</ItemCode>
      <ItemType>1</ItemType>
      <ItemName>שניצל עוף אמיתי ביתי 700 גרם</ItemName>
      <ManufacturerName>לא ידוע</ManufacturerName>
      <ManufactureCountry>לא ידוע</ManufactureCountry>
      <ManufacturerItemDescription>שניצל עוף אמיתי ביתי</ManufacturerItemDescription>
      <UnitQty>גרמים</UnitQty>
      <Quantity>700.00</Quantity>
      <bIsWeighted>0</bIsWeighted>
      <UnitOfMeasure>100 גרם</UnitOfMeasure>
      <QtyInPackage>1</QtyInPackage>
      <ItemPrice>52.90</ItemPrice>
      <UnitOfMeasurePrice>7.56</UnitOfMeasurePrice>
      <AllowDiscount>1</AllowDiscount>
      <ItemStatus>1</ItemStatus>
    </Item>
    <Item>
      <PriceUpdateDate>2025-02-27 10:01</PriceUpdateDate>
      <ItemCode>7290008437127</ItemCode>
      <ItemType>1</ItemType>
      <ItemName>רגל עגל חלב קפוא מזרע</ItemName>
      <ManufacturerName>לא ידוע</ManufacturerName>
      <ManufactureCountry>לא ידוע</ManufactureCountry>
      <ManufacturerItemDescription>רגל עגל קפוא מזרע   </ManufacturerItemDescription>
      <UnitQty>Unknown</UnitQty>
      <Quantity>0.00</Quantity>
      <bIsWeighted>1</bIsWeighted>
      <UnitOfMeasure>ק"ג</UnitOfMeasure>
      <QtyInPackage>0</QtyInPackage>
      <ItemPrice>43.90</ItemPrice>
      <UnitOfMeasurePrice>43.90</UnitOfMeasurePrice>
      <AllowDiscount>1</AllowDiscount>
      <ItemStatus>1</ItemStatus>
    </Item>
    <Item>
      <PriceUpdateDate>2025-07-10 11:35</PriceUpdateDate>
      <ItemCode>7290008438285</ItemCode>
      <ItemType>1</ItemType>
      <ItemName>גבינה אמנטל שוויצרי במשקל</ItemName>
      <ManufacturerName>לא ידוע</ManufacturerName>
      <ManufactureCountry>לא ידוע</ManufactureCountry>
      <ManufacturerItemDescription>גבינה אמנטל שוויצרי </ManufacturerItemDescription>
      <UnitQty>Unknown</UnitQty>
      <Quantity>0.00</Quantity>
      <bIsWeighted>1</bIsWeighted>
      <UnitOfMeasure>ק"ג</UnitOfMeasure>
      <QtyInPackage>0</QtyInPackage>
      <ItemPrice>249.00</ItemPrice>
      <UnitOfMeasurePrice>249.00</UnitOfMeasurePrice>
      <AllowDiscount>1</AllowDiscount>
      <ItemStatus>1</ItemStatus>
    </Item>
    <Item>
      <PriceUpdateDate>2024-11-06 08:17</PriceUpdateDate>
      <ItemCode>7290008439411</ItemCode>
      <ItemType>1</ItemType>
      <ItemName>בלוק פטה אווז במשקל</ItemName>
      <ManufacturerName>לא ידוע</ManufacturerName>
      <ManufactureCountry>לא ידוע</ManufactureCountry>
      <ManufacturerItemDescription>בלוק פטה אווז במשקל </ManufacturerItemDescription>
      <UnitQty>Unknown</UnitQty>
      <Quantity>0.00</Quantity>
      <bIsWeighted>1</bIsWeighted>
      <UnitOfMeasure>ק"ג</UnitOfMeasure>
      <QtyInPackage>0</QtyInPackage>
      <ItemPrice>79.00</ItemPrice>
      <UnitOfMeasurePrice>79.00</UnitOfMeasurePrice>
      <AllowDiscount>1</AllowDiscount>
      <ItemStatus>1</ItemStatus>
    </Item>
    <Item>
      <PriceUpdateDate>2024-07-07 18:02</PriceUpdateDate>
      <ItemCode>7290008464024</ItemCode>
      <ItemType>1</ItemType>
      <ItemName>בירה גולדסטאר לא מסוננת 500 מ"ל פחית</ItemName>
      <ManufacturerName>לא ידוע</ManufacturerName>
      <ManufactureCountry>לא ידוע</ManufactureCountry>
      <ManufacturerItemDescription>בירה גולדסטאר לא מסו</ManufacturerItemDescription>
      <UnitQty>מיליליטרים</UnitQty>
      <Quantity>500.00</Quantity>
      <bIsWeighted>0</bIsWeighted>
      <UnitOfMeasure>100 מ"ל</UnitOfMeasure>
      <QtyInPackage>1</QtyInPackage>
      <ItemPrice>11.90</ItemPrice>
      <UnitOfMeasurePrice>2.38</UnitOfMeasurePrice>
      <AllowDiscount>1</AllowDiscount>
      <ItemStatus>1</ItemStatus>
    </Item>
    <Item>
      <PriceUpdateDate>2024-07-17 08:32</PriceUpdateDate>
      <ItemCode>7290008464222</ItemCode>
      <ItemType>1</ItemType>
      <ItemName>בירה מכבי  7.9% פחית 500 מ"ל</ItemName>
      <ManufacturerName>לא ידוע</ManufacturerName>
      <ManufactureCountry>לא ידוע</ManufactureCountry>
      <ManufacturerItemDescription>בירה מכבי  7.9% פחית</ManufacturerItemDescription>
      <UnitQty>מיליליטרים</UnitQty>
      <Quantity>500.00</Quantity>
      <bIsWeighted>0</bIsWeighted>
      <UnitOfMeasure>100 מ"ל</UnitOfMeasure>
      <QtyInPackage>1</QtyInPackage>
      <ItemPrice>9.90</ItemPrice>
      <UnitOfMeasurePrice>1.98</UnitOfMeasurePrice>
      <AllowDiscount>1</AllowDiscount>
      <ItemStatus>1</ItemStatus>
    </Item>
    <Item>
      <PriceUpdateDate>2022-01-11 09:19</PriceUpdateDate>
      <ItemCode>7290008464406</ItemCode>
      <ItemType>1</ItemType>
      <ItemName>פפסי זירו פחית 330 מל</ItemName>
      <ManufacturerName>לא ידוע</ManufacturerName>
      <ManufactureCountry>לא ידוע</ManufactureCountry>
      <ManufacturerItemDescription>פפסי זירו פחית 330 מ</ManufacturerItemDescription>
      <UnitQty>מיליליטרים</UnitQty>
      <Quantity>330.00</Quantity>
      <bIsWeighted>0</bIsWeighted>
      <UnitOfMeasure>100 מ"ל</UnitOfMeasure>
      <QtyInPackage>1</QtyInPackage>
      <ItemPrice>4.30</ItemPrice>
      <UnitOfMeasurePrice>1.30</UnitOfMeasurePrice>
      <AllowDiscount>1</AllowDiscount>
      <ItemStatus>1</ItemStatus>
    </Item>
    <Item>
      <PriceUpdateDate>2025-01-23 07:41</PriceUpdateDate>
      <ItemCode>7290008464468</ItemCode>
      <ItemType>1</ItemType>
      <ItemName>גולדסטאר פחית 500 מ"ל</ItemName>
      <ManufacturerName>לא ידוע</ManufacturerName>
      <ManufactureCountry>לא ידוע</ManufactureCountry>
      <ManufacturerItemDescription>גולדסטאר פחית 500 מ"</ManufacturerItemDescription>
      <UnitQty>מיליליטרים</UnitQty>
      <Quantity>500.00</Quantity>
      <bIsWeighted>0</bIsWeighted>
      <UnitOfMeasure>100 מ"ל</UnitOfMeasure>
      <QtyInPackage>1</QtyInPackage>
      <ItemPrice>9.90</ItemPrice>
      <UnitOfMeasurePrice>1.98</UnitOfMeasurePrice>
      <AllowDiscount>1</AllowDiscount>
      <ItemStatus>1</ItemStatus>
    </Item>
    <Item>
      <PriceUpdateDate>2025-01-23 07:41</PriceUpdateDate>
      <ItemCode>7290008464604</ItemCode>
      <ItemType>1</ItemType>
      <ItemName>היינקן פחית 500 מ"ל</ItemName>
      <ManufacturerName>לא ידוע</ManufacturerName>
      <ManufactureCountry>לא ידוע</ManufactureCountry>
      <ManufacturerItemDescription>היינקן פחית 500 מ"ל </ManufacturerItemDescription>
      <UnitQty>מיליליטרים</UnitQty>
      <Quantity>500.00</Quantity>
      <bIsWeighted>0</bIsWeighted>
      <UnitOfMeasure>100 מ"ל</UnitOfMeasure>
      <QtyInPackage>1</QtyInPackage>
      <ItemPrice>13.90</ItemPrice>
      <UnitOfMeasurePrice>2.78</UnitOfMeasurePrice>
      <AllowDiscount>1</AllowDiscount>
      <ItemStatus>1</ItemStatus>
    </Item>
    <Item>
      <PriceUpdateDate>2024-07-17 08:33</PriceUpdateDate>
      <ItemCode>7290008464796</ItemCode>
      <ItemType>1</ItemType>
      <ItemName>שישיית הייניקן בקבוק 330 מ"ל</ItemName>
      <ManufacturerName>לא ידוע</ManufacturerName>
      <ManufactureCountry>לא ידוע</ManufactureCountry>
      <ManufacturerItemDescription>שישיית הייניקן בקבוק</ManufacturerItemDescription>
      <UnitQty>מיליליטרים</UnitQty>
      <Quantity>1980.00</Quantity>
      <bIsWeighted>0</bIsWeighted>
      <UnitOfMeasure>100 מ"ל</UnitOfMeasure>
      <QtyInPackage>1</QtyInPackage>
      <ItemPrice>39.90</ItemPrice>
      <UnitOfMeasurePrice>2.02</UnitOfMeasurePrice>
      <AllowDiscount>1</AllowDiscount>
      <ItemStatus>1</ItemStatus>
    </Item>
    <Item>
      <PriceUpdateDate>2021-05-05 14:51</PriceUpdateDate>
      <ItemCode>7290008493413</ItemCode>
      <ItemType>1</ItemType>
      <ItemName>פירורי גריסיני מאיר בייגל  200 גרם</ItemName>
      <ManufacturerName>לא ידוע</ManufacturerName>
      <ManufactureCountry>לא ידוע</ManufactureCountry>
      <ManufacturerItemDescription>פירורי גריסיני מאיר </ManufacturerItemDescription>
      <UnitQty>גרמים</UnitQty>
      <Quantity>200.00</Quantity>
      <bIsWeighted>0</bIsWeighted>
      <UnitOfMeasure>100 גרם</UnitOfMeasure>
      <QtyInPackage>1</QtyInPackage>
      <ItemPrice>7.50</ItemPrice>
      <UnitOfMeasurePrice>3.75</UnitOfMeasurePrice>
      <AllowDiscount>1</AllowDiscount>
      <ItemStatus>1</ItemStatus>
    </Item>
    <Item>
      <PriceUpdateDate>2021-05-05 14:50</PriceUpdateDate>
      <ItemCode>7290008493710</ItemCode>
      <ItemType>1</ItemType>
      <ItemName>פירורי גריסיני בייגל זהב 200 גרם</ItemName>
      <ManufacturerName>לא ידוע</ManufacturerName>
      <ManufactureCountry>לא ידוע</ManufactureCountry>
      <ManufacturerItemDescription>פירורי גריסיני בייגל</ManufacturerItemDescription>
      <UnitQty>גרמים</UnitQty>
      <Quantity>200.00</Quantity>
      <bIsWeighted>0</bIsWeighted>
      <UnitOfMeasure>100 גרם</UnitOfMeasure>
      <QtyInPackage>1</QtyInPackage>
      <ItemPrice>7.50</ItemPrice>
      <UnitOfMeasurePrice>3.75</UnitOfMeasurePrice>
      <AllowDiscount>1</AllowDiscount>
      <ItemStatus>1</ItemStatus>
    </Item>
    <Item>
      <PriceUpdateDate>2022-08-08 21:23</PriceUpdateDate>
      <ItemCode>7290008498364</ItemCode>
      <ItemType>1</ItemType>
      <ItemName>גבינת כבשים עם חלפיניו בסגנון מנצגו שקיל</ItemName>
      <ManufacturerName>לא ידוע</ManufacturerName>
      <ManufactureCountry />
      <ManufacturerItemDescription>גבינת כבשים עם חלפינ</ManufacturerItemDescription>
      <UnitQty>Unknown</UnitQty>
      <Quantity>0.00</Quantity>
      <bIsWeighted>1</bIsWeighted>
      <UnitOfMeasure>ק"ג</UnitOfMeasure>
      <QtyInPackage>0</QtyInPackage>
      <ItemPrice>220.00</ItemPrice>
      <UnitOfMeasurePrice>220.00</UnitOfMeasurePrice>
      <AllowDiscount>1</AllowDiscount>
      <ItemStatus>1</ItemStatus>
    </Item>
    <Item>
      <PriceUpdateDate>2021-01-20 21:12</PriceUpdateDate>
      <ItemCode>7290008644112</ItemCode>
      <ItemType>1</ItemType>
      <ItemName>מטבוחה יום יום 125 ג</ItemName>
      <ManufacturerName>לא ידוע</ManufacturerName>
      <ManufactureCountry>לא ידוע</ManufactureCountry>
      <ManufacturerItemDescription>מטבוחה יום יום 125 ג</ManufacturerItemDescription>
      <UnitQty>גרמים</UnitQty>
      <Quantity>125.00</Quantity>
      <bIsWeighted>0</bIsWeighted>
      <UnitOfMeasure>100 גרם</UnitOfMeasure>
      <QtyInPackage>1</QtyInPackage>
      <ItemPrice>5.80</ItemPrice>
      <UnitOfMeasurePrice>4.64</UnitOfMeasurePrice>
      <AllowDiscount>1</AllowDiscount>
      <ItemStatus>1</ItemStatus>
    </Item>
    <Item>
      <PriceUpdateDate>2023-08-27 16:04</PriceUpdateDate>
      <ItemCode>7290008644235</ItemCode>
      <ItemType>1</ItemType>
      <ItemName>עלי בייבי אחלה טבע</ItemName>
      <ManufacturerName>לא ידוע</ManufacturerName>
      <ManufactureCountry>לא ידוע</ManufactureCountry>
      <ManufacturerItemDescription>עלי בייבי אחלה טבע  </ManufacturerItemDescription>
      <UnitQty>יחידה</UnitQty>
      <Quantity>1.00</Quantity>
      <bIsWeighted>0</bIsWeighted>
      <UnitOfMeasure>יחידה</UnitOfMeasure>
      <QtyInPackage>1</QtyInPackage>
      <ItemPrice>12.90</ItemPrice>
      <UnitOfMeasurePrice>12.90</UnitOfMeasurePrice>
      <AllowDiscount>1</AllowDiscount>
      <ItemStatus>1</ItemStatus>
    </Item>
    <Item>
      <PriceUpdateDate>2023-08-27 16:04</PriceUpdateDate>
      <ItemCode>7290008644945</ItemCode>
      <ItemType>1</ItemType>
      <ItemName>סלט המושבה אחלה טבע</ItemName>
      <ManufacturerName>לא ידוע</ManufacturerName>
      <ManufactureCountry>לא ידוע</ManufactureCountry>
      <ManufacturerItemDescription>סלט המושבה אחלה טבע </ManufacturerItemDescription>
      <UnitQty>יחידה</UnitQty>
      <Quantity>1.00</Quantity>
      <bIsWeighted>0</bIsWeighted>
      <UnitOfMeasure>יחידה</UnitOfMeasure>
      <QtyInPackage>1</QtyInPackage>
      <ItemPrice>13.90</ItemPrice>
      <UnitOfMeasurePrice>13.90</UnitOfMeasurePrice>
      <AllowDiscount>1</AllowDiscount>
      <ItemStatus>1</ItemStatus>
    </Item>
    <Item>
      <PriceUpdateDate>2024-01-22 16:56</PriceUpdateDate>
      <ItemCode>7290008670142</ItemCode>
      <ItemType>1</ItemType>
      <ItemName>רקנאטי יסמין אדום 750 מל</ItemName>
      <ManufacturerName>לא ידוע</ManufacturerName>
      <ManufactureCountry>לא ידוע</ManufactureCountry>
      <ManufacturerItemDescription>רקנאטי יסמין אדום 75</ManufacturerItemDescription>
      <UnitQty>Unknown</UnitQty>
      <Quantity>0.00</Quantity>
      <bIsWeighted>0</bIsWeighted>
      <UnitOfMeasure>Unknown</UnitOfMeasure>
      <QtyInPackage>1</QtyInPackage>
      <ItemPrice>49.90</ItemPrice>
      <UnitOfMeasurePrice>49.90</UnitOfMeasurePrice>
      <AllowDiscount>1</AllowDiscount>
      <ItemStatus>1</ItemStatus>
    </Item>
    <Item>
      <PriceUpdateDate>2024-06-22 17:14</PriceUpdateDate>
      <ItemCode>7290008670920</ItemCode>
      <ItemType>1</ItemType>
      <ItemName>יין רקנאטי  גליל עליון מרלו 750 מל</ItemName>
      <ManufacturerName>לא ידוע</ManufacturerName>
      <ManufactureCountry />
      <ManufacturerItemDescription>יין רקנאטי  גליל עלי</ManufacturerItemDescription>
      <UnitQty>Unknown</UnitQty>
      <Quantity>0.00</Quantity>
      <bIsWeighted>0</bIsWeighted>
      <UnitOfMeasure>Unknown</UnitOfMeasure>
      <QtyInPackage>1</QtyInPackage>
      <ItemPrice>71.90</ItemPrice>
      <UnitOfMeasurePrice>71.90</UnitOfMeasurePrice>
      <AllowDiscount>1</AllowDiscount>
      <ItemStatus>1</ItemStatus>
    </Item>
    <Item>
      <PriceUpdateDate>2025-05-27 15:11</PriceUpdateDate>
      <ItemCode>7290008690713</ItemCode>
      <ItemType>1</ItemType>
      <ItemName>נקטר אושן ספריי חמוציות 1 ל</ItemName>
      <ManufacturerName>לא ידוע</ManufacturerName>
      <ManufactureCountry>לא ידוע</ManufactureCountry>
      <ManufacturerItemDescription>נקטר חמוציות אושן   </ManufacturerItemDescription>
      <UnitQty>מיליליטרים</UnitQty>
      <Quantity>1000.00</Quantity>
      <bIsWeighted>0</bIsWeighted>
      <UnitOfMeasure>100 מ"ל</UnitOfMeasure>
      <QtyInPackage>1</QtyInPackage>
      <ItemPrice>14.20</ItemPrice>
      <UnitOfMeasurePrice>1.42</UnitOfMeasurePrice>
      <AllowDiscount>1</AllowDiscount>
      <ItemStatus>1</ItemStatus>
    </Item>
    <Item>
      <PriceUpdateDate>2021-01-10 14:26</PriceUpdateDate>
      <ItemCode>7290008693134</ItemCode>
      <ItemType>1</ItemType>
      <ItemName>דניאלה תות 88 גרם</ItemName>
      <ManufacturerName>לא ידוע</ManufacturerName>
      <ManufactureCountry>לא ידוע</ManufactureCountry>
      <ManufacturerItemDescription>דניאלה תות 88 גרם   </ManufacturerItemDescription>
      <UnitQty>גרמים</UnitQty>
      <Quantity>88.00</Quantity>
      <bIsWeighted>0</bIsWeighted>
      <UnitOfMeasure>100 גרם</UnitOfMeasure>
      <QtyInPackage>1</QtyInPackage>
      <ItemPrice>4.30</ItemPrice>
      <UnitOfMeasurePrice>4.89</UnitOfMeasurePrice>
      <AllowDiscount>1</AllowDiscount>
      <ItemStatus>1</ItemStatus>
    </Item>
    <Item>
      <PriceUpdateDate>2024-02-04 10:56</PriceUpdateDate>
      <ItemCode>7290008745239</ItemCode>
      <ItemType>1</ItemType>
      <ItemName>תפוציפס אקסטרא טבעי 50 גרם</ItemName>
      <ManufacturerName>לא ידוע</ManufacturerName>
      <ManufactureCountry>לא ידוע</ManufactureCountry>
      <ManufacturerItemDescription>תפוציפס אקסטרא טבעי </ManufacturerItemDescription>
      <UnitQty>גרמים</UnitQty>
      <Quantity>50.00</Quantity>
      <bIsWeighted>0</bIsWeighted>
      <UnitOfMeasure>100 גרם</UnitOfMeasure>
      <QtyInPackage>1</QtyInPackage>
      <ItemPrice>5.30</ItemPrice>
      <UnitOfMeasurePrice>10.60</UnitOfMeasurePrice>
      <AllowDiscount>1</AllowDiscount>
      <ItemStatus>1</ItemStatus>
    </Item>
    <Item>
      <PriceUpdateDate>2025-08-13 14:51</PriceUpdateDate>
      <ItemCode>7290008747431</ItemCode>
      <ItemType>1</ItemType>
      <ItemName>חטיף פרה ממולדה 50 גרם</ItemName>
      <ManufacturerName>לא ידוע</ManufacturerName>
      <ManufactureCountry>IL</ManufactureCountry>
      <ManufacturerItemDescription>חטיף פרה ממולדה 50 ג</ManufacturerItemDescription>
      <UnitQty>גרמים</UnitQty>
      <Quantity>50.00</Quantity>
      <bIsWeighted>0</bIsWeighted>
      <UnitOfMeasure>100 גרם</UnitOfMeasure>
      <QtyInPackage>1</QtyInPackage>
      <ItemPrice>6.50</ItemPrice>
      <UnitOfMeasurePrice>13.00</UnitOfMeasurePrice>
      <AllowDiscount>1</AllowDiscount>
      <ItemStatus>1</ItemStatus>
    </Item>
    <Item>
      <PriceUpdateDate>2025-01-23 07:41</PriceUpdateDate>
      <ItemCode>7290008747547</ItemCode>
      <ItemType>1</ItemType>
      <ItemName>תפוציפס קראנץ טבעי 200 גרם</ItemName>
      <ManufacturerName>לא ידוע</ManufacturerName>
      <ManufactureCountry>לא ידוע</ManufactureCountry>
      <ManufacturerItemDescription>תפוציפס קראנץ טבעי 2</ManufacturerItemDescription>
      <UnitQty>גרמים</UnitQty>
      <Quantity>200.00</Quantity>
      <bIsWeighted>0</bIsWeighted>
      <UnitOfMeasure>100 גרם</UnitOfMeasure>
      <QtyInPackage>1</QtyInPackage>
      <ItemPrice>12.50</ItemPrice>
      <UnitOfMeasurePrice>6.25</UnitOfMeasurePrice>
      <AllowDiscount>1</AllowDiscount>
      <ItemStatus>1</ItemStatus>
    </Item>
    <Item>
      <PriceUpdateDate>2025-08-13 14:50</PriceUpdateDate>
      <ItemCode>7290008748384</ItemCode>
      <ItemType>1</ItemType>
      <ItemName>שוקולד ספלנדיד מריר 70% 100 גר</ItemName>
      <ManufacturerName>לא ידוע</ManufacturerName>
      <ManufactureCountry>לא ידוע</ManufactureCountry>
      <ManufacturerItemDescription>שוקולד ספלנדיד מריר </ManufacturerItemDescription>
      <UnitQty>גרמים</UnitQty>
      <Quantity>100.00</Quantity>
      <bIsWeighted>0</bIsWeighted>
      <UnitOfMeasure>100 גרם</UnitOfMeasure>
      <QtyInPackage>1</QtyInPackage>
      <ItemPrice>19.90</ItemPrice>
      <UnitOfMeasurePrice>19.90</UnitOfMeasurePrice>
      <AllowDiscount>1</AllowDiscount>
      <ItemStatus>1</ItemStatus>
    </Item>
    <Item>
      <PriceUpdateDate>2025-08-13 14:51</PriceUpdateDate>
      <ItemCode>7290008750677</ItemCode>
      <ItemType>1</ItemType>
      <ItemName>שוקולד פרה במילוי תות 100 גר</ItemName>
      <ManufacturerName>לא ידוע</ManufacturerName>
      <ManufactureCountry>לא ידוע</ManufactureCountry>
      <ManufacturerItemDescription>ממולדה שוקולד חלב תו</ManufacturerItemDescription>
      <UnitQty>גרמים</UnitQty>
      <Quantity>100.00</Quantity>
      <bIsWeighted>0</bIsWeighted>
      <UnitOfMeasure>100 גרם</UnitOfMeasure>
      <QtyInPackage>1</QtyInPackage>
      <ItemPrice>10.50</ItemPrice>
      <UnitOfMeasurePrice>10.50</UnitOfMeasurePrice>
      <AllowDiscount>1</AllowDiscount>
      <ItemStatus>1</ItemStatus>
    </Item>
    <Item>
      <PriceUpdateDate>2024-02-04 10:53</PriceUpdateDate>
      <ItemCode>7290008752244</ItemCode>
      <ItemType>1</ItemType>
      <ItemName>תפוציפס קראנצי גריל 50 גרם</ItemName>
      <ManufacturerName>לא ידוע</ManufacturerName>
      <ManufactureCountry>ישראל</ManufactureCountry>
      <ManufacturerItemDescription>תפוציפס קראנצי גריל </ManufacturerItemDescription>
      <UnitQty>גרמים</UnitQty>
      <Quantity>50.00</Quantity>
      <bIsWeighted>0</bIsWeighted>
      <UnitOfMeasure>100 גרם</UnitOfMeasure>
      <QtyInPackage>1</QtyInPackage>
      <ItemPrice>5.30</ItemPrice>
      <UnitOfMeasurePrice>10.60</UnitOfMeasurePrice>
      <AllowDiscount>1</AllowDiscount>
      <ItemStatus>1</ItemStatus>
    </Item>
    <Item>
      <PriceUpdateDate>2023-06-11 09:50</PriceUpdateDate>
      <ItemCode>7290008753111</ItemCode>
      <ItemType>1</ItemType>
      <ItemName>תפוציפס קראנצי מקסיקני 50 גרם</ItemName>
      <ManufacturerName>לא ידוע</ManufacturerName>
      <ManufactureCountry>לא ידוע</ManufactureCountry>
      <ManufacturerItemDescription>תפוציפס קראנצי מקסיק</ManufacturerItemDescription>
      <UnitQty>גרמים</UnitQty>
      <Quantity>50.00</Quantity>
      <bIsWeighted>0</bIsWeighted>
      <UnitOfMeasure>100 גרם</UnitOfMeasure>
      <QtyInPackage>1</QtyInPackage>
      <ItemPrice>5.20</ItemPrice>
      <UnitOfMeasurePrice>10.40</UnitOfMeasurePrice>
      <AllowDiscount>1</AllowDiscount>
      <ItemStatus>1</ItemStatus>
    </Item>
    <Item>
      <PriceUpdateDate>2025-07-14 11:21</PriceUpdateDate>
      <ItemCode>7290008775816</ItemCode>
      <ItemType>1</ItemType>
      <ItemName>ערגליות שוקו 300 גרם</ItemName>
      <ManufacturerName>לא ידוע</ManufacturerName>
      <ManufactureCountry>לא ידוע</ManufactureCountry>
      <ManufacturerItemDescription>ערגליות שוקו 300 גרם</ManufacturerItemDescription>
      <UnitQty>גרמים</UnitQty>
      <Quantity>300.00</Quantity>
      <bIsWeighted>0</bIsWeighted>
      <UnitOfMeasure>100 גרם</UnitOfMeasure>
      <QtyInPackage>1</QtyInPackage>
      <ItemPrice>13.90</ItemPrice>
      <UnitOfMeasurePrice>4.63</UnitOfMeasurePrice>
      <AllowDiscount>1</AllowDiscount>
      <ItemStatus>1</ItemStatus>
    </Item>
    <Item>
      <PriceUpdateDate>2025-07-14 11:21</PriceUpdateDate>
      <ItemCode>7290008775823</ItemCode>
      <ItemType>1</ItemType>
      <ItemName>ערגליות תות 300 גרם</ItemName>
      <ManufacturerName>לא ידוע</ManufacturerName>
      <ManufactureCountry>לא ידוע</ManufactureCountry>
      <ManufacturerItemDescription>ערגליות תות 300 גרם </ManufacturerItemDescription>
      <UnitQty>גרמים</UnitQty>
      <Quantity>300.00</Quantity>
      <bIsWeighted>0</bIsWeighted>
      <UnitOfMeasure>100 גרם</UnitOfMeasure>
      <QtyInPackage>1</QtyInPackage>
      <ItemPrice>13.90</ItemPrice>
      <UnitOfMeasurePrice>4.63</UnitOfMeasurePrice>
      <AllowDiscount>1</AllowDiscount>
      <ItemStatus>1</ItemStatus>
    </Item>
    <Item>
      <PriceUpdateDate>2024-01-10 15:27</PriceUpdateDate>
      <ItemCode>7290008776028</ItemCode>
      <ItemType>1</ItemType>
      <ItemName>המבורגר קלאסי קפוא</ItemName>
      <ManufacturerName>לא ידוע</ManufacturerName>
      <ManufactureCountry />
      <ManufacturerItemDescription>המבורגר קלאסי קפוא  </ManufacturerItemDescription>
      <UnitQty>גרמים</UnitQty>
      <Quantity>300.00</Quantity>
      <bIsWeighted>0</bIsWeighted>
      <UnitOfMeasure>100 גרם</UnitOfMeasure>
      <QtyInPackage>0</QtyInPackage>
      <ItemPrice>33.50</ItemPrice>
      <UnitOfMeasurePrice>11.17</UnitOfMeasurePrice>
      <AllowDiscount>1</AllowDiscount>
      <ItemStatus>1</ItemStatus>
    </Item>
    <Item>
      <PriceUpdateDate>2024-01-10 15:27</PriceUpdateDate>
      <ItemCode>7290008776035</ItemCode>
      <ItemType>1</ItemType>
      <ItemName>נקניקיות צוריסוס קפואות 500 גרם</ItemName>
      <ManufacturerName>לא ידוע</ManufacturerName>
      <ManufactureCountry>לא ידוע</ManufactureCountry>
      <ManufacturerItemDescription>נקניקיות צוריסוס קפו</ManufacturerItemDescription>
      <UnitQty>גרמים</UnitQty>
      <Quantity>500.00</Quantity>
      <bIsWeighted>0</bIsWeighted>
      <UnitOfMeasure>100 גרם</UnitOfMeasure>
      <QtyInPackage>1</QtyInPackage>
      <ItemPrice>40.90</ItemPrice>
      <UnitOfMeasurePrice>8.18</UnitOfMeasurePrice>
      <AllowDiscount>1</AllowDiscount>
      <ItemStatus>1</ItemStatus>
    </Item>
    <Item>
      <PriceUpdateDate>2025-12-21 09:01</PriceUpdateDate>
      <ItemCode>7290008776073</ItemCode>
      <ItemType>1</ItemType>
      <ItemName>סטייק אנטריקוט מובחר</ItemName>
      <ManufacturerName>לא ידוע</ManufacturerName>
      <ManufactureCountry />
      <ManufacturerItemDescription>סטייק אנטריקוט מובחר</ManufacturerItemDescription>
      <UnitQty>Unknown</UnitQty>
      <Quantity>0.00</Quantity>
      <bIsWeighted>1</bIsWeighted>
      <UnitOfMeasure>ק"ג</UnitOfMeasure>
      <QtyInPackage>0</QtyInPackage>
      <ItemPrice>234.90</ItemPrice>
      <UnitOfMeasurePrice>234.90</UnitOfMeasurePrice>
      <AllowDiscount>1</AllowDiscount>
      <ItemStatus>1</ItemStatus>
    </Item>
    <Item>
      <PriceUpdateDate>2025-12-21 09:01</PriceUpdateDate>
      <ItemCode>7290008776103</ItemCode>
      <ItemType>1</ItemType>
      <ItemName>קוביות לגולש עגל טרי</ItemName>
      <ManufacturerName>לא ידוע</ManufacturerName>
      <ManufactureCountry />
      <ManufacturerItemDescription>קוביות לגולש עגל טרי</ManufacturerItemDescription>
      <UnitQty>Unknown</UnitQty>
      <Quantity>0.00</Quantity>
      <bIsWeighted>1</bIsWeighted>
      <UnitOfMeasure>ק"ג</UnitOfMeasure>
      <QtyInPackage>0</QtyInPackage>
      <ItemPrice>94.90</ItemPrice>
      <UnitOfMeasurePrice>94.90</UnitOfMeasurePrice>
      <AllowDiscount>1</AllowDiscount>
      <ItemStatus>1</ItemStatus>
    </Item>
    <Item>
      <PriceUpdateDate>2025-12-10 11:51</PriceUpdateDate>
      <ItemCode>7290008806985</ItemCode>
      <ItemType>1</ItemType>
      <ItemName>פינוקי גלידה שוקו וניל 630 גר</ItemName>
      <ManufacturerName>לא ידוע</ManufacturerName>
      <ManufactureCountry>לא ידוע</ManufactureCountry>
      <ManufacturerItemDescription>פינוקי גלידה שוקו   </ManufacturerItemDescription>
      <UnitQty>גרמים</UnitQty>
      <Quantity>630.00</Quantity>
      <bIsWeighted>0</bIsWeighted>
      <UnitOfMeasure>100 גרם</UnitOfMeasure>
      <QtyInPackage>1</QtyInPackage>
      <ItemPrice>56.90</ItemPrice>
      <UnitOfMeasurePrice>9.03</UnitOfMeasurePrice>
      <AllowDiscount>1</AllowDiscount>
      <ItemStatus>1</ItemStatus>
    </Item>
    <Item>
      <PriceUpdateDate>2022-05-31 18:19</PriceUpdateDate>
      <ItemCode>7290008899505</ItemCode>
      <ItemType>1</ItemType>
      <ItemName>בגט לבן</ItemName>
      <ManufacturerName>לא ידוע</ManufacturerName>
      <ManufactureCountry>IL</ManufactureCountry>
      <ManufacturerItemDescription>בגט לבן             </ManufacturerItemDescription>
      <UnitQty>Unknown</UnitQty>
      <Quantity>0.00</Quantity>
      <bIsWeighted>0</bIsWeighted>
      <UnitOfMeasure>Unknown</UnitOfMeasure>
      <QtyInPackage>1</QtyInPackage>
      <ItemPrice>7.50</ItemPrice>
      <UnitOfMeasurePrice>7.50</UnitOfMeasurePrice>
      <AllowDiscount>1</AllowDiscount>
      <ItemStatus>1</ItemStatus>
    </Item>
    <Item>
      <PriceUpdateDate>2025-05-27 15:11</PriceUpdateDate>
      <ItemCode>7290008909853</ItemCode>
      <ItemType>1</ItemType>
      <ItemName>קוקה קולה 500  מ"ל ZERO</ItemName>
      <ManufacturerName>לא ידוע</ManufacturerName>
      <ManufactureCountry>לא ידוע</ManufactureCountry>
      <ManufacturerItemDescription>קוקה קולה 500 מל ZER</ManufacturerItemDescription>
      <UnitQty>מיליליטרים</UnitQty>
      <Quantity>500.00</Quantity>
      <bIsWeighted>0</bIsWeighted>
      <UnitOfMeasure>100 מ"ל</UnitOfMeasure>
      <QtyInPackage>1</QtyInPackage>
      <ItemPrice>8.90</ItemPrice>
      <UnitOfMeasurePrice>1.78</UnitOfMeasurePrice>
      <AllowDiscount>1</AllowDiscount>
      <ItemStatus>1</ItemStatus>
    </Item>
    <Item>
      <PriceUpdateDate>2025-02-27 09:52</PriceUpdateDate>
      <ItemCode>7290008953733</ItemCode>
      <ItemType>1</ItemType>
      <ItemName>גבעון סט 6 כפות על ת</ItemName>
      <ManufacturerName>לא ידוע</ManufacturerName>
      <ManufactureCountry>לא ידוע</ManufactureCountry>
      <ManufacturerItemDescription>גבעון סט 6 כפות על ת</ManufacturerItemDescription>
      <UnitQty>Unknown</UnitQty>
      <Quantity>0.00</Quantity>
      <bIsWeighted>0</bIsWeighted>
      <UnitOfMeasure>Unknown</UnitOfMeasure>
      <QtyInPackage>1</QtyInPackage>
      <ItemPrice>21.90</ItemPrice>
      <UnitOfMeasurePrice>21.90</UnitOfMeasurePrice>
      <AllowDiscount>1</AllowDiscount>
      <ItemStatus>1</ItemStatus>
    </Item>
    <Item>
      <PriceUpdateDate>2025-02-27 09:51</PriceUpdateDate>
      <ItemCode>7290008953757</ItemCode>
      <ItemType>1</ItemType>
      <ItemName>גבעון סט 6 כפיות על </ItemName>
      <ManufacturerName>לא ידוע</ManufacturerName>
      <ManufactureCountry>לא ידוע</ManufactureCountry>
      <ManufacturerItemDescription>גבעון סט 6 כפיות על </ManufacturerItemDescription>
      <UnitQty>Unknown</UnitQty>
      <Quantity>0.00</Quantity>
      <bIsWeighted>0</bIsWeighted>
      <UnitOfMeasure>Unknown</UnitOfMeasure>
      <QtyInPackage>1</QtyInPackage>
      <ItemPrice>15.90</ItemPrice>
      <UnitOfMeasurePrice>15.90</UnitOfMeasurePrice>
      <AllowDiscount>1</AllowDiscount>
      <ItemStatus>1</ItemStatus>
    </Item>
    <Item>
      <PriceUpdateDate>2025-03-11 08:23</PriceUpdateDate>
      <ItemCode>7290008961585</ItemCode>
      <ItemType>1</ItemType>
      <ItemName>כוסמת פוסולסקי דבור 800 גר</ItemName>
      <ManufacturerName>לא ידוע</ManufacturerName>
      <ManufactureCountry>ישראל</ManufactureCountry>
      <ManufacturerItemDescription>כוסמת פוסולסקי דבור </ManufacturerItemDescription>
      <UnitQty>גרמים</UnitQty>
      <Quantity>800.00</Quantity>
      <bIsWeighted>0</bIsWeighted>
      <UnitOfMeasure>100 גרם</UnitOfMeasure>
      <QtyInPackage>1</QtyInPackage>
      <ItemPrice>17.50</ItemPrice>
      <UnitOfMeasurePrice>2.19</UnitOfMeasurePrice>
      <AllowDiscount>1</AllowDiscount>
      <ItemStatus>1</ItemStatus>
    </Item>
    <Item>
      <PriceUpdateDate>2024-07-14 17:20</PriceUpdateDate>
      <ItemCode>7290008975780</ItemCode>
      <ItemType>1</ItemType>
      <ItemName>בונזו גזע קטן 3 קג</ItemName>
      <ManufacturerName>לא ידוע</ManufacturerName>
      <ManufactureCountry>לא ידוע</ManufactureCountry>
      <ManufacturerItemDescription>מזון לכלבים בונזו מז</ManufacturerItemDescription>
      <UnitQty>קילוגרמים</UnitQty>
      <Quantity>0.00</Quantity>
      <bIsWeighted>0</bIsWeighted>
      <UnitOfMeasure>ק"ג</UnitOfMeasure>
      <QtyInPackage>1</QtyInPackage>
      <ItemPrice>53.90</ItemPrice>
      <UnitOfMeasurePrice>53.90</UnitOfMeasurePrice>
      <AllowDiscount>1</AllowDiscount>
      <ItemStatus>1</ItemStatus>
    </Item>
    <Item>
      <PriceUpdateDate>2025-09-16 12:36</PriceUpdateDate>
      <ItemCode>7290010002023</ItemCode>
      <ItemType>1</ItemType>
      <ItemName>כורכום הודי טחון 100 גרם</ItemName>
      <ManufacturerName>לא ידוע</ManufacturerName>
      <ManufactureCountry>IL</ManufactureCountry>
      <ManufacturerItemDescription>כורכום הודי טחון 100</ManufacturerItemDescription>
      <UnitQty>גרמים</UnitQty>
      <Quantity>100.00</Quantity>
      <bIsWeighted>0</bIsWeighted>
      <UnitOfMeasure>100 גרם</UnitOfMeasure>
      <QtyInPackage>1</QtyInPackage>
      <ItemPrice>13.90</ItemPrice>
      <UnitOfMeasurePrice>13.90</UnitOfMeasurePrice>
      <AllowDiscount>1</AllowDiscount>
      <ItemStatus>1</ItemStatus>
    </Item>
    <Item>
      <PriceUpdateDate>2025-09-16 12:37</PriceUpdateDate>
      <ItemCode>7290010002030</ItemCode>
      <ItemType>1</ItemType>
      <ItemName>כמון 100 גרם</ItemName>
      <ManufacturerName>לא ידוע</ManufacturerName>
      <ManufactureCountry>IL</ManufactureCountry>
      <ManufacturerItemDescription>כמון 100 גרם        </ManufacturerItemDescription>
      <UnitQty>גרמים</UnitQty>
      <Quantity>100.00</Quantity>
      <bIsWeighted>0</bIsWeighted>
      <UnitOfMeasure>100 גרם</UnitOfMeasure>
      <QtyInPackage>1</QtyInPackage>
      <ItemPrice>13.90</ItemPrice>
      <UnitOfMeasurePrice>13.90</UnitOfMeasurePrice>
      <AllowDiscount>1</AllowDiscount>
      <ItemStatus>1</ItemStatus>
    </Item>
    <Item>
      <PriceUpdateDate>2025-03-25 07:06</PriceUpdateDate>
      <ItemCode>7290010002047</ItemCode>
      <ItemType>1</ItemType>
      <ItemName>מלח לימון 200 גרם</ItemName>
      <ManufacturerName>לא ידוע</ManufacturerName>
      <ManufactureCountry>IL</ManufactureCountry>
      <ManufacturerItemDescription>מלח לימון 200 גרם   </ManufacturerItemDescription>
      <UnitQty>גרמים</UnitQty>
      <Quantity>200.00</Quantity>
      <bIsWeighted>0</bIsWeighted>
      <UnitOfMeasure>100 גרם</UnitOfMeasure>
      <QtyInPackage>1</QtyInPackage>
      <ItemPrice>15.50</ItemPrice>
      <UnitOfMeasurePrice>7.75</UnitOfMeasurePrice>
      <AllowDiscount>1</AllowDiscount>
      <ItemStatus>1</ItemStatus>
    </Item>
    <Item>
      <PriceUpdateDate>2025-03-25 07:07</PriceUpdateDate>
      <ItemCode>7290010002061</ItemCode>
      <ItemType>1</ItemType>
      <ItemName>פלפל לבן טחון 100 גרם</ItemName>
      <ManufacturerName>לא ידוע</ManufacturerName>
      <ManufactureCountry>IL</ManufactureCountry>
      <ManufacturerItemDescription>פלפל לבן טחון 120 גר</ManufacturerItemDescription>
      <UnitQty>גרמים</UnitQty>
      <Quantity>100.00</Quantity>
      <bIsWeighted>0</bIsWeighted>
      <UnitOfMeasure>100 גרם</UnitOfMeasure>
      <QtyInPackage>1</QtyInPackage>
      <ItemPrice>23.90</ItemPrice>
      <UnitOfMeasurePrice>23.90</UnitOfMeasurePrice>
      <AllowDiscount>1</AllowDiscount>
      <ItemStatus>1</ItemStatus>
    </Item>
    <Item>
      <PriceUpdateDate>2022-03-25 12:35</PriceUpdateDate>
      <ItemCode>7290010002078</ItemCode>
      <ItemType>1</ItemType>
      <ItemName>פלפל שחור טחון 100 גרם</ItemName>
      <ManufacturerName>לא ידוע</ManufacturerName>
      <ManufactureCountry>IL</ManufactureCountry>
      <ManufacturerItemDescription>פלפל שחור טחון 120 ג</ManufacturerItemDescription>
      <UnitQty>גרמים</UnitQty>
      <Quantity>100.00</Quantity>
      <bIsWeighted>0</bIsWeighted>
      <UnitOfMeasure>100 גרם</UnitOfMeasure>
      <QtyInPackage>1</QtyInPackage>
      <ItemPrice>16.90</ItemPrice>
      <UnitOfMeasurePrice>16.90</UnitOfMeasurePrice>
      <AllowDiscount>1</AllowDiscount>
      <ItemStatus>1</ItemStatus>
    </Item>
    <Item>
      <PriceUpdateDate>2025-03-25 07:08</PriceUpdateDate>
      <ItemCode>7290010002092</ItemCode>
      <ItemType>1</ItemType>
      <ItemName>פלפל שחור גס דק 90 גרם</ItemName>
      <ManufacturerName>לא ידוע</ManufacturerName>
      <ManufactureCountry>IL</ManufactureCountry>
      <ManufacturerItemDescription>פלפל שחור גרוס דק 90</ManufacturerItemDescription>
      <UnitQty>גרמים</UnitQty>
      <Quantity>90.00</Quantity>
      <bIsWeighted>0</bIsWeighted>
      <UnitOfMeasure>100 גרם</UnitOfMeasure>
      <QtyInPackage>1</QtyInPackage>
      <ItemPrice>21.90</ItemPrice>
      <UnitOfMeasurePrice>24.33</UnitOfMeasurePrice>
      <AllowDiscount>1</AllowDiscount>
      <ItemStatus>1</ItemStatus>
    </Item>
    <Item>
      <PriceUpdateDate>2025-03-25 07:06</PriceUpdateDate>
      <ItemCode>7290010002108</ItemCode>
      <ItemType>1</ItemType>
      <ItemName>פלפל שחור גרוס גס 90 גרם</ItemName>
      <ManufacturerName>לא ידוע</ManufacturerName>
      <ManufactureCountry>IL</ManufactureCountry>
      <ManufacturerItemDescription>פלפל שחור גרוס גס 90</ManufacturerItemDescription>
      <UnitQty>גרמים</UnitQty>
      <Quantity>90.00</Quantity>
      <bIsWeighted>0</bIsWeighted>
      <UnitOfMeasure>100 גרם</UnitOfMeasure>
      <QtyInPackage>1</QtyInPackage>
      <ItemPrice>21.90</ItemPrice>
      <UnitOfMeasurePrice>24.33</UnitOfMeasurePrice>
      <AllowDiscount>1</AllowDiscount>
      <ItemStatus>1</ItemStatus>
    </Item>
    <Item>
      <PriceUpdateDate>2025-09-16 12:37</PriceUpdateDate>
      <ItemCode>7290010002122</ItemCode>
      <ItemType>1</ItemType>
      <ItemName>פפריקה הונגרית מתוקה 100 גרם</ItemName>
      <ManufacturerName>לא ידוע</ManufacturerName>
      <ManufactureCountry>IL</ManufactureCountry>
      <ManufacturerItemDescription>פפריקה הונגרית מתוקה</ManufacturerItemDescription>
      <UnitQty>גרמים</UnitQty>
      <Quantity>100.00</Quantity>
      <bIsWeighted>0</bIsWeighted>
      <UnitOfMeasure>100 גרם</UnitOfMeasure>
      <QtyInPackage>1</QtyInPackage>
      <ItemPrice>13.90</ItemPrice>
      <UnitOfMeasurePrice>13.90</UnitOfMeasurePrice>
      <AllowDiscount>1</AllowDiscount>
      <ItemStatus>1</ItemStatus>
    </Item>
    <Item>
      <PriceUpdateDate>2025-09-16 12:36</PriceUpdateDate>
      <ItemCode>7290010002146</ItemCode>
      <ItemType>1</ItemType>
      <ItemName>פפריקה מרוקאית מתוקה 100 גרם</ItemName>
      <ManufacturerName>לא ידוע</ManufacturerName>
      <ManufactureCountry>IL</ManufactureCountry>
      <ManufacturerItemDescription>פפריקה מרוקאית מתוקה</ManufacturerItemDescription>
      <UnitQty>גרמים</UnitQty>
      <Quantity>100.00</Quantity>
      <bIsWeighted>0</bIsWeighted>
      <UnitOfMeasure>100 גרם</UnitOfMeasure>
      <QtyInPackage>1</QtyInPackage>
      <ItemPrice>13.90</ItemPrice>
      <UnitOfMeasurePrice>13.90</UnitOfMeasurePrice>
      <AllowDiscount>1</AllowDiscount>
      <ItemStatus>1</ItemStatus>
    </Item>
    <Item>
      <PriceUpdateDate>2025-03-25 07:06</PriceUpdateDate>
      <ItemCode>7290010002207</ItemCode>
      <ItemType>1</ItemType>
      <ItemName>קינמון טחון 100 גרם</ItemName>
      <ManufacturerName>לא ידוע</ManufacturerName>
      <ManufactureCountry>IL</ManufactureCountry>
      <ManufacturerItemDescription>קינמון טחון 100 גרם </ManufacturerItemDescription>
      <UnitQty>גרמים</UnitQty>
      <Quantity>100.00</Quantity>
      <bIsWeighted>0</bIsWeighted>
      <UnitOfMeasure>100 גרם</UnitOfMeasure>
      <QtyInPackage>1</QtyInPackage>
      <ItemPrice>15.50</ItemPrice>
      <UnitOfMeasurePrice>15.50</UnitOfMeasurePrice>
      <AllowDiscount>1</AllowDiscount>
      <ItemStatus>1</ItemStatus>
    </Item>
    <Item>
      <PriceUpdateDate>2025-03-25 07:06</PriceUpdateDate>
      <ItemCode>7290010002214</ItemCode>
      <ItemType>1</ItemType>
      <ItemName>צילי מקסיקני גרוס 70 גרם</ItemName>
      <ManufacturerName>לא ידוע</ManufacturerName>
      <ManufactureCountry>IL</ManufactureCountry>
      <ManufacturerItemDescription>צילי מקסיקני גרוס 70</ManufacturerItemDescription>
      <UnitQty>Unknown</UnitQty>
      <Quantity>0.00</Quantity>
      <bIsWeighted>0</bIsWeighted>
      <UnitOfMeasure>Unknown</UnitOfMeasure>
      <QtyInPackage>1</QtyInPackage>
      <ItemPrice>15.50</ItemPrice>
      <UnitOfMeasurePrice>15.50</UnitOfMeasurePrice>
      <AllowDiscount>1</AllowDiscount>
      <ItemStatus>1</ItemStatus>
    </Item>
    <Item>
      <PriceUpdateDate>2025-09-26 09:29</PriceUpdateDate>
      <ItemCode>7290010002320</ItemCode>
      <ItemType>1</ItemType>
      <ItemName>תבלין גריל עוף 100 גרם</ItemName>
      <ManufacturerName>לא ידוע</ManufacturerName>
      <ManufactureCountry>IL</ManufactureCountry>
      <ManufacturerItemDescription>תבלין גריל עוף 130 ג</ManufacturerItemDescription>
      <UnitQty>גרמים</UnitQty>
      <Quantity>100.00</Quantity>
      <bIsWeighted>0</bIsWeighted>
      <UnitOfMeasure>100 גרם</UnitOfMeasure>
      <QtyInPackage>1</QtyInPackage>
      <ItemPrice>15.90</ItemPrice>
      <UnitOfMeasurePrice>15.90</UnitOfMeasurePrice>
      <AllowDiscount>1</AllowDiscount>
      <ItemStatus>1</ItemStatus>
    </Item>
    <Item>
      <PriceUpdateDate>2025-09-26 09:29</PriceUpdateDate>
      <ItemCode>7290010002375</ItemCode>
      <ItemType>1</ItemType>
      <ItemName>מדרס קארי 100 גרם</ItemName>
      <ManufacturerName>לא ידוע</ManufacturerName>
      <ManufactureCountry>IL</ManufactureCountry>
      <ManufacturerItemDescription>מדרס קארי 100 גרם   </ManufacturerItemDescription>
      <UnitQty>גרמים</UnitQty>
      <Quantity>100.00</Quantity>
      <bIsWeighted>0</bIsWeighted>
      <UnitOfMeasure>100 גרם</UnitOfMeasure>
      <QtyInPackage>1</QtyInPackage>
      <ItemPrice>15.90</ItemPrice>
      <UnitOfMeasurePrice>15.90</UnitOfMeasurePrice>
      <AllowDiscount>1</AllowDiscount>
      <ItemStatus>1</ItemStatus>
    </Item>
    <Item>
      <PriceUpdateDate>2025-03-25 07:07</PriceUpdateDate>
      <ItemCode>7290010002382</ItemCode>
      <ItemType>1</ItemType>
      <ItemName>אורגנו 40 גרם</ItemName>
      <ManufacturerName>לא ידוע</ManufacturerName>
      <ManufactureCountry>IL</ManufactureCountry>
      <ManufacturerItemDescription>אורגנו 40 גרם       </ManufacturerItemDescription>
      <UnitQty>Unknown</UnitQty>
      <Quantity>0.00</Quantity>
      <bIsWeighted>0</bIsWeighted>
      <UnitOfMeasure>Unknown</UnitOfMeasure>
      <QtyInPackage>1</QtyInPackage>
      <ItemPrice>13.20</ItemPrice>
      <UnitOfMeasurePrice>13.20</UnitOfMeasurePrice>
      <AllowDiscount>1</AllowDiscount>
      <ItemStatus>1</ItemStatus>
    </Item>
    <Item>
      <PriceUpdateDate>2025-03-20 12:20</PriceUpdateDate>
      <ItemCode>7290010002399</ItemCode>
      <ItemType>1</ItemType>
      <ItemName>בזיליקום -ריחן 40 גרם</ItemName>
      <ManufacturerName>לא ידוע</ManufacturerName>
      <ManufactureCountry>IL</ManufactureCountry>
      <ManufacturerItemDescription>בזיליקום -ריחן 40 גר</ManufacturerItemDescription>
      <UnitQty>Unknown</UnitQty>
      <Quantity>0.00</Quantity>
      <bIsWeighted>0</bIsWeighted>
      <UnitOfMeasure>Unknown</UnitOfMeasure>
      <QtyInPackage>1</QtyInPackage>
      <ItemPrice>13.20</ItemPrice>
      <UnitOfMeasurePrice>13.20</UnitOfMeasurePrice>
      <AllowDiscount>1</AllowDiscount>
      <ItemStatus>1</ItemStatus>
    </Item>
    <Item>
      <PriceUpdateDate>2025-03-11 08:19</PriceUpdateDate>
      <ItemCode>7290010002405</ItemCode>
      <ItemType>1</ItemType>
      <ItemName>טימין הררי 40 גרם</ItemName>
      <ManufacturerName>לא ידוע</ManufacturerName>
      <ManufactureCountry>IL</ManufactureCountry>
      <ManufacturerItemDescription>טימין הררי 40 גרם   </ManufacturerItemDescription>
      <UnitQty>Unknown</UnitQty>
      <Quantity>0.00</Quantity>
      <bIsWeighted>0</bIsWeighted>
      <UnitOfMeasure>Unknown</UnitOfMeasure>
      <QtyInPackage>1</QtyInPackage>
      <ItemPrice>13.20</ItemPrice>
      <UnitOfMeasurePrice>13.20</UnitOfMeasurePrice>
      <AllowDiscount>1</AllowDiscount>
      <ItemStatus>1</ItemStatus>
    </Item>
    <Item>
      <PriceUpdateDate>2025-03-25 07:08</PriceUpdateDate>
      <ItemCode>7290010002481</ItemCode>
      <ItemType>1</ItemType>
      <ItemName>שום טחון 100 גרם</ItemName>
      <ManufacturerName>לא ידוע</ManufacturerName>
      <ManufactureCountry>IL</ManufactureCountry>
      <ManufacturerItemDescription>שום טחון 100 גרם    </ManufacturerItemDescription>
      <UnitQty>גרמים</UnitQty>
      <Quantity>100.00</Quantity>
      <bIsWeighted>0</bIsWeighted>
      <UnitOfMeasure>100 גרם</UnitOfMeasure>
      <QtyInPackage>1</QtyInPackage>
      <ItemPrice>21.90</ItemPrice>
      <UnitOfMeasurePrice>21.90</UnitOfMeasurePrice>
      <AllowDiscount>1</AllowDiscount>
      <ItemStatus>1</ItemStatus>
    </Item>
    <Item>
      <PriceUpdateDate>2025-03-25 07:08</PriceUpdateDate>
      <ItemCode>7290010002498</ItemCode>
      <ItemType>1</ItemType>
      <ItemName>שום גבישי 120 גרם</ItemName>
      <ManufacturerName>לא ידוע</ManufacturerName>
      <ManufactureCountry>IL</ManufactureCountry>
      <ManufacturerItemDescription>שום גבישי 120 גרם   </ManufacturerItemDescription>
      <UnitQty>גרמים</UnitQty>
      <Quantity>120.00</Quantity>
      <bIsWeighted>0</bIsWeighted>
      <UnitOfMeasure>100 גרם</UnitOfMeasure>
      <QtyInPackage>1</QtyInPackage>
      <ItemPrice>21.90</ItemPrice>
      <UnitOfMeasurePrice>18.25</UnitOfMeasurePrice>
      <AllowDiscount>1</AllowDiscount>
      <ItemStatus>1</ItemStatus>
    </Item>
    <Item>
      <PriceUpdateDate>2025-09-26 09:29</PriceUpdateDate>
      <ItemCode>7290010002726</ItemCode>
      <ItemType>1</ItemType>
      <ItemName>תבלין לפרגיות 100 גר</ItemName>
      <ManufacturerName>לא ידוע</ManufacturerName>
      <ManufactureCountry>IL</ManufactureCountry>
      <ManufacturerItemDescription>תבלין לפרגיות 100 גר</ManufacturerItemDescription>
      <UnitQty>גרמים</UnitQty>
      <Quantity>100.00</Quantity>
      <bIsWeighted>0</bIsWeighted>
      <UnitOfMeasure>100 גרם</UnitOfMeasure>
      <QtyInPackage>1</QtyInPackage>
      <ItemPrice>15.90</ItemPrice>
      <UnitOfMeasurePrice>15.90</UnitOfMeasurePrice>
      <AllowDiscount>1</AllowDiscount>
      <ItemStatus>1</ItemStatus>
    </Item>
    <Item>
      <PriceUpdateDate>2025-09-16 12:36</PriceUpdateDate>
      <ItemCode>7290010003440</ItemCode>
      <ItemType>1</ItemType>
      <ItemName>שבבי בצל מטוגן 200 גר</ItemName>
      <ManufacturerName>לא ידוע</ManufacturerName>
      <ManufactureCountry />
      <ManufacturerItemDescription>שבבי בצל מטוגן 200 ג</ManufacturerItemDescription>
      <UnitQty>גרמים</UnitQty>
      <Quantity>200.00</Quantity>
      <bIsWeighted>0</bIsWeighted>
      <UnitOfMeasure>100 גרם</UnitOfMeasure>
      <QtyInPackage>1</QtyInPackage>
      <ItemPrice>16.90</ItemPrice>
      <UnitOfMeasurePrice>8.45</UnitOfMeasurePrice>
      <AllowDiscount>1</AllowDiscount>
      <ItemStatus>1</ItemStatus>
    </Item>
    <Item>
      <PriceUpdateDate>2025-08-13 14:51</PriceUpdateDate>
      <ItemCode>7290010116348</ItemCode>
      <ItemType>1</ItemType>
      <ItemName>מיקס מעורב חטיפי עלית שקית משפחתית 390 ג</ItemName>
      <ManufacturerName>לא ידוע</ManufacturerName>
      <ManufactureCountry />
      <ManufacturerItemDescription>מיקס מעורב חטיפי עלי</ManufacturerItemDescription>
      <UnitQty>גרמים</UnitQty>
      <Quantity>390.00</Quantity>
      <bIsWeighted>0</bIsWeighted>
      <UnitOfMeasure>100 גרם</UnitOfMeasure>
      <QtyInPackage>1</QtyInPackage>
      <ItemPrice>46.90</ItemPrice>
      <UnitOfMeasurePrice>12.03</UnitOfMeasurePrice>
      <AllowDiscount>1</AllowDiscount>
      <ItemStatus>1</ItemStatus>
    </Item>
    <Item>
      <PriceUpdateDate>2025-08-13 14:51</PriceUpdateDate>
      <ItemCode>7290010116355</ItemCode>
      <ItemType>1</ItemType>
      <ItemName>מיני פסק זמן מגדים 400 גר</ItemName>
      <ManufacturerName>לא ידוע</ManufacturerName>
      <ManufactureCountry />
      <ManufacturerItemDescription>מיני פסק זמן מגדים 4</ManufacturerItemDescription>
      <UnitQty>גרמים</UnitQty>
      <Quantity>400.00</Quantity>
      <bIsWeighted>0</bIsWeighted>
      <UnitOfMeasure>100 גרם</UnitOfMeasure>
      <QtyInPackage>1</QtyInPackage>
      <ItemPrice>46.90</ItemPrice>
      <UnitOfMeasurePrice>11.73</UnitOfMeasurePrice>
      <AllowDiscount>1</AllowDiscount>
      <ItemStatus>1</ItemStatus>
    </Item>
    <Item>
      <PriceUpdateDate>2025-01-30 07:57</PriceUpdateDate>
      <ItemCode>7290010116980</ItemCode>
      <ItemType>1</ItemType>
      <ItemName>שוקולית 850 גרם</ItemName>
      <ManufacturerName>לא ידוע</ManufacturerName>
      <ManufactureCountry>לא ידוע</ManufactureCountry>
      <ManufacturerItemDescription>שוקולית 850 גרם     </ManufacturerItemDescription>
      <UnitQty>גרמים</UnitQty>
      <Quantity>850.00</Quantity>
      <bIsWeighted>0</bIsWeighted>
      <UnitOfMeasure>100 גרם</UnitOfMeasure>
      <QtyInPackage>1</QtyInPackage>
      <ItemPrice>29.90</ItemPrice>
      <UnitOfMeasurePrice>3.52</UnitOfMeasurePrice>
      <AllowDiscount>1</AllowDiscount>
      <ItemStatus>1</ItemStatus>
    </Item>
    <Item>
      <PriceUpdateDate>2024-12-02 15:21</PriceUpdateDate>
      <ItemCode>7290010117970</ItemCode>
      <ItemType>1</ItemType>
      <ItemName>סבבה בוטנים אמריקאים 50 גרם</ItemName>
      <ManufacturerName>לא ידוע</ManufacturerName>
      <ManufactureCountry>לא ידוע</ManufactureCountry>
      <ManufacturerItemDescription>סבבה בוטנים אמריקאים</ManufacturerItemDescription>
      <UnitQty>גרמים</UnitQty>
      <Quantity>50.00</Quantity>
      <bIsWeighted>0</bIsWeighted>
      <UnitOfMeasure>100 גרם</UnitOfMeasure>
      <QtyInPackage>1</QtyInPackage>
      <ItemPrice>4.40</ItemPrice>
      <UnitOfMeasurePrice>8.80</UnitOfMeasurePrice>
      <AllowDiscount>1</AllowDiscount>
      <ItemStatus>1</ItemStatus>
    </Item>
    <Item>
      <PriceUpdateDate>2025-03-11 08:10</PriceUpdateDate>
      <ItemCode>7290010154241</ItemCode>
      <ItemType>1</ItemType>
      <ItemName>חזרת 250 גר</ItemName>
      <ManufacturerName>לא ידוע</ManufacturerName>
      <ManufactureCountry />
      <ManufacturerItemDescription>סלט חזרת 250 גר     </ManufacturerItemDescription>
      <UnitQty>גרמים</UnitQty>
      <Quantity>250.00</Quantity>
      <bIsWeighted>0</bIsWeighted>
      <UnitOfMeasure>100 גרם</UnitOfMeasure>
      <QtyInPackage>1</QtyInPackage>
      <ItemPrice>21.90</ItemPrice>
      <UnitOfMeasurePrice>8.76</UnitOfMeasurePrice>
      <AllowDiscount>1</AllowDiscount>
      <ItemStatus>1</ItemStatus>
    </Item>
    <Item>
      <PriceUpdateDate>2025-08-13 14:50</PriceUpdateDate>
      <ItemCode>7290010237548</ItemCode>
      <ItemType>1</ItemType>
      <ItemName>פפסי זירו בקבוק 500 מל</ItemName>
      <ManufacturerName>לא ידוע</ManufacturerName>
      <ManufactureCountry>לא ידוע</ManufactureCountry>
      <ManufacturerItemDescription>פפסי זירו בקבוק 500 </ManufacturerItemDescription>
      <UnitQty>מיליליטרים</UnitQty>
      <Quantity>500.00</Quantity>
      <bIsWeighted>0</bIsWeighted>
      <UnitOfMeasure>100 מ"ל</UnitOfMeasure>
      <QtyInPackage>1</QtyInPackage>
      <ItemPrice>4.50</ItemPrice>
      <UnitOfMeasurePrice>0.90</UnitOfMeasurePrice>
      <AllowDiscount>1</AllowDiscount>
      <ItemStatus>1</ItemStatus>
    </Item>
    <Item>
      <PriceUpdateDate>2024-07-17 08:35</PriceUpdateDate>
      <ItemCode>7290010237890</ItemCode>
      <ItemType>1</ItemType>
      <ItemName>היינקן בק חוזר 500 מ"ל</ItemName>
      <ManufacturerName>לא ידוע</ManufacturerName>
      <ManufactureCountry />
      <ManufacturerItemDescription>בירה היינקן  500 מ"ל</ManufacturerItemDescription>
      <UnitQty>מיליליטרים</UnitQty>
      <Quantity>500.00</Quantity>
      <bIsWeighted>0</bIsWeighted>
      <UnitOfMeasure>100 מ"ל</UnitOfMeasure>
      <QtyInPackage>1</QtyInPackage>
      <ItemPrice>10.90</ItemPrice>
      <UnitOfMeasurePrice>2.18</UnitOfMeasurePrice>
      <AllowDiscount>1</AllowDiscount>
      <ItemStatus>1</ItemStatus>
    </Item>
    <Item>
      <PriceUpdateDate>2025-03-25 06:57</PriceUpdateDate>
      <ItemCode>7290010259823</ItemCode>
      <ItemType>1</ItemType>
      <ItemName>מרק עם נודלס טעם עוף מנת השף  70 גר</ItemName>
      <ManufacturerName>לא ידוע</ManufacturerName>
      <ManufactureCountry>לא ידוע</ManufactureCountry>
      <ManufacturerItemDescription>מרק עם נודלס טעם עוף</ManufacturerItemDescription>
      <UnitQty>גרמים</UnitQty>
      <Quantity>70.00</Quantity>
      <bIsWeighted>0</bIsWeighted>
      <UnitOfMeasure>100 גרם</UnitOfMeasure>
      <QtyInPackage>1</QtyInPackage>
      <ItemPrice>6.60</ItemPrice>
      <UnitOfMeasurePrice>9.43</UnitOfMeasurePrice>
      <AllowDiscount>1</AllowDiscount>
      <ItemStatus>1</ItemStatus>
    </Item>
    <Item>
      <PriceUpdateDate>2025-03-11 08:15</PriceUpdateDate>
      <ItemCode>7290010259830</ItemCode>
      <ItemType>1</ItemType>
      <ItemName>מרק עם נודלס סיני פיקנטי מנת השף 70 גר</ItemName>
      <ManufacturerName>לא ידוע</ManufacturerName>
      <ManufactureCountry>לא ידוע</ManufactureCountry>
      <ManufacturerItemDescription>מרק עם נודלס סיני פי</ManufacturerItemDescription>
      <UnitQty>גרמים</UnitQty>
      <Quantity>70.00</Quantity>
      <bIsWeighted>0</bIsWeighted>
      <UnitOfMeasure>100 גרם</UnitOfMeasure>
      <QtyInPackage>1</QtyInPackage>
      <ItemPrice>6.60</ItemPrice>
      <UnitOfMeasurePrice>9.43</UnitOfMeasurePrice>
      <AllowDiscount>1</AllowDiscount>
      <ItemStatus>1</ItemStatus>
    </Item>
    <Item>
      <PriceUpdateDate>2025-12-02 08:57</PriceUpdateDate>
      <ItemCode>7290010429554</ItemCode>
      <ItemType>1</ItemType>
      <ItemName>שמן זית כתית מעולה 2 קלאסי 750 יד מרדכי</ItemName>
      <ManufacturerName>לא ידוע</ManufacturerName>
      <ManufactureCountry>לא ידוע</ManufactureCountry>
      <ManufacturerItemDescription>שמן זית כתית מעולה 2</ManufacturerItemDescription>
      <UnitQty>מיליליטרים</UnitQty>
      <Quantity>750.00</Quantity>
      <bIsWeighted>0</bIsWeighted>
      <UnitOfMeasure>100 מ"ל</UnitOfMeasure>
      <QtyInPackage>1</QtyInPackage>
      <ItemPrice>43.90</ItemPrice>
      <UnitOfMeasurePrice>5.85</UnitOfMeasurePrice>
      <AllowDiscount>1</AllowDiscount>
      <ItemStatus>1</ItemStatus>
    </Item>
    <Item>
      <PriceUpdateDate>2025-08-31 14:44</PriceUpdateDate>
      <ItemCode>7290010471669</ItemCode>
      <ItemType>1</ItemType>
      <ItemName>דנונה בר תות קורנפלקס 175 גר</ItemName>
      <ManufacturerName>לא ידוע</ManufacturerName>
      <ManufactureCountry>ישראל</ManufactureCountry>
      <ManufacturerItemDescription>דנונה בר תות קורנפלק</ManufacturerItemDescription>
      <UnitQty>גרמים</UnitQty>
      <Quantity>175.00</Quantity>
      <bIsWeighted>0</bIsWeighted>
      <UnitOfMeasure>100 גרם</UnitOfMeasure>
      <QtyInPackage>1</QtyInPackage>
      <ItemPrice>5.60</ItemPrice>
      <UnitOfMeasurePrice>3.20</UnitOfMeasurePrice>
      <AllowDiscount>1</AllowDiscount>
      <ItemStatus>1</ItemStatus>
    </Item>
    <Item>
      <PriceUpdateDate>2025-03-25 06:57</PriceUpdateDate>
      <ItemCode>7290010513703</ItemCode>
      <ItemType>1</ItemType>
      <ItemName>צופסטיקס 20 יח חד פעמי</ItemName>
      <ManufacturerName>לא ידוע</ManufacturerName>
      <ManufactureCountry>לא ידוע</ManufactureCountry>
      <ManufacturerItemDescription>צופסטיקס 20 יח חד פע</ManufacturerItemDescription>
      <UnitQty>Unknown</UnitQty>
      <Quantity>0.00</Quantity>
      <bIsWeighted>0</bIsWeighted>
      <UnitOfMeasure>Unknown</UnitOfMeasure>
      <QtyInPackage>1</QtyInPackage>
      <ItemPrice>11.50</ItemPrice>
      <UnitOfMeasurePrice>11.50</UnitOfMeasurePrice>
      <AllowDiscount>1</AllowDiscount>
      <ItemStatus>1</ItemStatus>
    </Item>
    <Item>
      <PriceUpdateDate>2024-07-04 09:17</PriceUpdateDate>
      <ItemCode>7290010619139</ItemCode>
      <ItemType>1</ItemType>
      <ItemName>חזה עוף טרי</ItemName>
      <ManufacturerName>לא ידוע</ManufacturerName>
      <ManufactureCountry>IL</ManufactureCountry>
      <ManufacturerItemDescription>חזה עוף טרי         </ManufacturerItemDescription>
      <UnitQty>Unknown</UnitQty>
      <Quantity>0.00</Quantity>
      <bIsWeighted>1</bIsWeighted>
      <UnitOfMeasure>ק"ג</UnitOfMeasure>
      <QtyInPackage>0</QtyInPackage>
      <ItemPrice>41.90</ItemPrice>
      <UnitOfMeasurePrice>41.90</UnitOfMeasurePrice>
      <AllowDiscount>1</AllowDiscount>
      <ItemStatus>1</ItemStatus>
    </Item>
    <Item>
      <PriceUpdateDate>2025-01-30 07:58</PriceUpdateDate>
      <ItemCode>7290010627004</ItemCode>
      <ItemType>1</ItemType>
      <ItemName>טחינה ירושלים 500 גרם</ItemName>
      <ManufacturerName>לא ידוע</ManufacturerName>
      <ManufactureCountry>לא ידוע</ManufactureCountry>
      <ManufacturerItemDescription>טחינה ירושלים 500 גר</ManufacturerItemDescription>
      <UnitQty>גרמים</UnitQty>
      <Quantity>500.00</Quantity>
      <bIsWeighted>0</bIsWeighted>
      <UnitOfMeasure>100 גרם</UnitOfMeasure>
      <QtyInPackage>1</QtyInPackage>
      <ItemPrice>19.90</ItemPrice>
      <UnitOfMeasurePrice>3.98</UnitOfMeasurePrice>
      <AllowDiscount>1</AllowDiscount>
      <ItemStatus>1</ItemStatus>
    </Item>
    <Item>
      <PriceUpdateDate>2025-05-06 06:39</PriceUpdateDate>
      <ItemCode>7290010777044</ItemCode>
      <ItemType>1</ItemType>
      <ItemName>פיתה קריצה ארטיזן 8 יחידות</ItemName>
      <ManufacturerName>לא ידוע</ManufacturerName>
      <ManufactureCountry>ישראל</ManufactureCountry>
      <ManufacturerItemDescription>פיתה קריצה ארטיזן 8 </ManufacturerItemDescription>
      <UnitQty>יחידה</UnitQty>
      <Quantity>1.00</Quantity>
      <bIsWeighted>0</bIsWeighted>
      <UnitOfMeasure>יחידה</UnitOfMeasure>
      <QtyInPackage>1</QtyInPackage>
      <ItemPrice>18.90</ItemPrice>
      <UnitOfMeasurePrice>18.90</UnitOfMeasurePrice>
      <AllowDiscount>1</AllowDiscount>
      <ItemStatus>1</ItemStatus>
    </Item>
    <Item>
      <PriceUpdateDate>2025-03-20 09:58</PriceUpdateDate>
      <ItemCode>7290010777051</ItemCode>
      <ItemType>1</ItemType>
      <ItemName>מארז לחמניות המבורגר 5 יח</ItemName>
      <ManufacturerName>לא ידוע</ManufacturerName>
      <ManufactureCountry>לא ידוע</ManufactureCountry>
      <ManufacturerItemDescription>מארז לחמניות המבורגר</ManufacturerItemDescription>
      <UnitQty>Unknown</UnitQty>
      <Quantity>0.00</Quantity>
      <bIsWeighted>0</bIsWeighted>
      <UnitOfMeasure>Unknown</UnitOfMeasure>
      <QtyInPackage>1</QtyInPackage>
      <ItemPrice>16.90</ItemPrice>
      <UnitOfMeasurePrice>16.90</UnitOfMeasurePrice>
      <AllowDiscount>1</AllowDiscount>
      <ItemStatus>1</ItemStatus>
    </Item>
    <Item>
      <PriceUpdateDate>2025-03-20 09:58</PriceUpdateDate>
      <ItemCode>7290010777068</ItemCode>
      <ItemType>1</ItemType>
      <ItemName>מארז לחמניות מתוקות/קלועות 5 יח</ItemName>
      <ManufacturerName>לא ידוע</ManufacturerName>
      <ManufactureCountry>לא ידוע</ManufactureCountry>
      <ManufacturerItemDescription>מארז לחמניות מתוקות/</ManufacturerItemDescription>
      <UnitQty>Unknown</UnitQty>
      <Quantity>0.00</Quantity>
      <bIsWeighted>0</bIsWeighted>
      <UnitOfMeasure>Unknown</UnitOfMeasure>
      <QtyInPackage>1</QtyInPackage>
      <ItemPrice>16.90</ItemPrice>
      <UnitOfMeasurePrice>16.90</UnitOfMeasurePrice>
      <AllowDiscount>1</AllowDiscount>
      <ItemStatus>1</ItemStatus>
    </Item>
    <Item>
      <PriceUpdateDate>2022-05-07 13:26</PriceUpdateDate>
      <ItemCode>7290010777297</ItemCode>
      <ItemType>1</ItemType>
      <ItemName>פיתה ביס לבן</ItemName>
      <ManufacturerName>לא ידוע</ManufacturerName>
      <ManufactureCountry>לא ידוע</ManufactureCountry>
      <ManufacturerItemDescription>פיתה ביס לבן        </ManufacturerItemDescription>
      <UnitQty>גרמים</UnitQty>
      <Quantity>500.00</Quantity>
      <bIsWeighted>0</bIsWeighted>
      <UnitOfMeasure>100 גרם</UnitOfMeasure>
      <QtyInPackage>1</QtyInPackage>
      <ItemPrice>17.90</ItemPrice>
      <UnitOfMeasurePrice>3.58</UnitOfMeasurePrice>
      <AllowDiscount>1</AllowDiscount>
      <ItemStatus>1</ItemStatus>
    </Item>
    <Item>
      <PriceUpdateDate>2025-03-20 09:58</PriceUpdateDate>
      <ItemCode>7290010777358</ItemCode>
      <ItemType>1</ItemType>
      <ItemName>מארז שמיניית פיתות 100% כוסמין מלא</ItemName>
      <ManufacturerName>לא ידוע</ManufacturerName>
      <ManufactureCountry>לא ידוע</ManufactureCountry>
      <ManufacturerItemDescription>מארז שמיניית פיתות 1</ManufacturerItemDescription>
      <UnitQty>גרמים</UnitQty>
      <Quantity>400.00</Quantity>
      <bIsWeighted>0</bIsWeighted>
      <UnitOfMeasure>100 גרם</UnitOfMeasure>
      <QtyInPackage>1</QtyInPackage>
      <ItemPrice>18.90</ItemPrice>
      <UnitOfMeasurePrice>4.73</UnitOfMeasurePrice>
      <AllowDiscount>1</AllowDiscount>
      <ItemStatus>1</ItemStatus>
    </Item>
    <Item>
      <PriceUpdateDate>2025-09-11 18:19</PriceUpdateDate>
      <ItemCode>7290010777471</ItemCode>
      <ItemType>1</ItemType>
      <ItemName>מארז פרנה 3 יחידות</ItemName>
      <ManufacturerName>לא ידוע</ManufacturerName>
      <ManufactureCountry>IL</ManufactureCountry>
      <ManufacturerItemDescription>מארז פרנה 3 יחידות  </ManufacturerItemDescription>
      <UnitQty>גרמים</UnitQty>
      <Quantity>390.00</Quantity>
      <bIsWeighted>0</bIsWeighted>
      <UnitOfMeasure>100 גרם</UnitOfMeasure>
      <QtyInPackage>1</QtyInPackage>
      <ItemPrice>19.90</ItemPrice>
      <UnitOfMeasurePrice>5.10</UnitOfMeasurePrice>
      <AllowDiscount>1</AllowDiscount>
      <ItemStatus>1</ItemStatus>
    </Item>
    <Item>
      <PriceUpdateDate>2022-05-07 13:25</PriceUpdateDate>
      <ItemCode>7290010777488</ItemCode>
      <ItemType>1</ItemType>
      <ItemName>מארז פיתות 100% מחמצת קמח מלא 500 גרם</ItemName>
      <ManufacturerName>לא ידוע</ManufacturerName>
      <ManufactureCountry>ישראל</ManufactureCountry>
      <ManufacturerItemDescription>מארז פיתות 100% מחמצ</ManufacturerItemDescription>
      <UnitQty>גרמים</UnitQty>
      <Quantity>500.00</Quantity>
      <bIsWeighted>0</bIsWeighted>
      <UnitOfMeasure>100 גרם</UnitOfMeasure>
      <QtyInPackage>1</QtyInPackage>
      <ItemPrice>18.90</ItemPrice>
      <UnitOfMeasurePrice>3.78</UnitOfMeasurePrice>
      <AllowDiscount>1</AllowDiscount>
      <ItemStatus>1</ItemStatus>
    </Item>
    <Item>
      <PriceUpdateDate>2022-05-07 13:25</PriceUpdateDate>
      <ItemCode>7290010777525</ItemCode>
      <ItemType>1</ItemType>
      <ItemName>מארז פיתות כוסמין 6 יח</ItemName>
      <ManufacturerName>לא ידוע</ManufacturerName>
      <ManufactureCountry />
      <ManufacturerItemDescription>מארז פיתות כוסמין 6 </ManufacturerItemDescription>
      <UnitQty>Unknown</UnitQty>
      <Quantity>0.00</Quantity>
      <bIsWeighted>0</bIsWeighted>
      <UnitOfMeasure>Unknown</UnitOfMeasure>
      <QtyInPackage>1</QtyInPackage>
      <ItemPrice>19.90</ItemPrice>
      <UnitOfMeasurePrice>19.90</UnitOfMeasurePrice>
      <AllowDiscount>1</AllowDiscount>
      <ItemStatus>1</ItemStatus>
    </Item>
    <Item>
      <PriceUpdateDate>2025-02-24 11:06</PriceUpdateDate>
      <ItemCode>7290010824847</ItemCode>
      <ItemType>1</ItemType>
      <ItemName>כדור מסננת+שרשרת טי פור 2</ItemName>
      <ManufacturerName>לא ידוע</ManufacturerName>
      <ManufactureCountry>לא ידוע</ManufactureCountry>
      <ManufacturerItemDescription>מסננת כדור נס/5.5 סמ</ManufacturerItemDescription>
      <UnitQty>Unknown</UnitQty>
      <Quantity>0.00</Quantity>
      <bIsWeighted>0</bIsWeighted>
      <UnitOfMeasure>Unknown</UnitOfMeasure>
      <QtyInPackage>1</QtyInPackage>
      <ItemPrice>19.90</ItemPrice>
      <UnitOfMeasurePrice>19.90</UnitOfMeasurePrice>
      <AllowDiscount>1</AllowDiscount>
      <ItemStatus>1</ItemStatus>
    </Item>
    <Item>
      <PriceUpdateDate>2025-03-11 15:24</PriceUpdateDate>
      <ItemCode>7290010883370</ItemCode>
      <ItemType>1</ItemType>
      <ItemName>כפפות אלוורה סנו סושי גדול בינוני</ItemName>
      <ManufacturerName>לא ידוע</ManufacturerName>
      <ManufactureCountry>לא ידוע</ManufactureCountry>
      <ManufacturerItemDescription>כפפות אלוורה סנו סוש</ManufacturerItemDescription>
      <UnitQty>Unknown</UnitQty>
      <Quantity>0.00</Quantity>
      <bIsWeighted>0</bIsWeighted>
      <UnitOfMeasure>Unknown</UnitOfMeasure>
      <QtyInPackage>1</QtyInPackage>
      <ItemPrice>14.50</ItemPrice>
      <UnitOfMeasurePrice>14.50</UnitOfMeasurePrice>
      <AllowDiscount>1</AllowDiscount>
      <ItemStatus>1</ItemStatus>
    </Item>
    <Item>
      <PriceUpdateDate>2025-03-03 07:00</PriceUpdateDate>
      <ItemCode>7290010931330</ItemCode>
      <ItemType>1</ItemType>
      <ItemName>מטבוחה 500 גר</ItemName>
      <ManufacturerName>לא ידוע</ManufacturerName>
      <ManufactureCountry>לא ידוע</ManufactureCountry>
      <ManufacturerItemDescription>מטבוחה 500 גר       </ManufacturerItemDescription>
      <UnitQty>גרמים</UnitQty>
      <Quantity>500.00</Quantity>
      <bIsWeighted>0</bIsWeighted>
      <UnitOfMeasure>100 גרם</UnitOfMeasure>
      <QtyInPackage>1</QtyInPackage>
      <ItemPrice>19.90</ItemPrice>
      <UnitOfMeasurePrice>3.98</UnitOfMeasurePrice>
      <AllowDiscount>1</AllowDiscount>
      <ItemStatus>1</ItemStatus>
    </Item>
    <Item>
      <PriceUpdateDate>2025-05-27 15:12</PriceUpdateDate>
      <ItemCode>7290011017866</ItemCode>
      <ItemType>1</ItemType>
      <ItemName>פחית סליק ק"ק 330 מ"ל</ItemName>
      <ManufacturerName>לא ידוע</ManufacturerName>
      <ManufactureCountry>לא ידוע</ManufactureCountry>
      <ManufacturerItemDescription>פחית סליק ק"ק 330 מ"</ManufacturerItemDescription>
      <UnitQty>מיליליטרים</UnitQty>
      <Quantity>330.00</Quantity>
      <bIsWeighted>0</bIsWeighted>
      <UnitOfMeasure>100 מ"ל</UnitOfMeasure>
      <QtyInPackage>1</QtyInPackage>
      <ItemPrice>6.20</ItemPrice>
      <UnitOfMeasurePrice>1.88</UnitOfMeasurePrice>
      <AllowDiscount>1</AllowDiscount>
      <ItemStatus>1</ItemStatus>
    </Item>
    <Item>
      <PriceUpdateDate>2025-05-27 15:11</PriceUpdateDate>
      <ItemCode>7290011017873</ItemCode>
      <ItemType>1</ItemType>
      <ItemName>פחית סליק זירו 330 מ"ל</ItemName>
      <ManufacturerName>לא ידוע</ManufacturerName>
      <ManufactureCountry>לא ידוע</ManufactureCountry>
      <ManufacturerItemDescription>פחית סליק זירו 330 מ</ManufacturerItemDescription>
      <UnitQty>מיליליטרים</UnitQty>
      <Quantity>330.00</Quantity>
      <bIsWeighted>0</bIsWeighted>
      <UnitOfMeasure>100 מ"ל</UnitOfMeasure>
      <QtyInPackage>1</QtyInPackage>
      <ItemPrice>6.20</ItemPrice>
      <UnitOfMeasurePrice>1.88</UnitOfMeasurePrice>
      <AllowDiscount>1</AllowDiscount>
      <ItemStatus>1</ItemStatus>
    </Item>
    <Item>
      <PriceUpdateDate>2025-05-27 15:12</PriceUpdateDate>
      <ItemCode>7290011017880</ItemCode>
      <ItemType>1</ItemType>
      <ItemName>פחית סליק ד. ק"ק 330 מ"ל</ItemName>
      <ManufacturerName>לא ידוע</ManufacturerName>
      <ManufactureCountry>לא ידוע</ManufactureCountry>
      <ManufacturerItemDescription>פחית סליק ד. ק"ק 330</ManufacturerItemDescription>
      <UnitQty>מיליליטרים</UnitQty>
      <Quantity>330.00</Quantity>
      <bIsWeighted>0</bIsWeighted>
      <UnitOfMeasure>100 מ"ל</UnitOfMeasure>
      <QtyInPackage>1</QtyInPackage>
      <ItemPrice>6.20</ItemPrice>
      <UnitOfMeasurePrice>1.88</UnitOfMeasurePrice>
      <AllowDiscount>1</AllowDiscount>
      <ItemStatus>1</ItemStatus>
    </Item>
    <Item>
      <PriceUpdateDate>2025-05-27 15:12</PriceUpdateDate>
      <ItemCode>7290011018184</ItemCode>
      <ItemType>1</ItemType>
      <ItemName>תה פיוז אפרסק 500 מ"ל</ItemName>
      <ManufacturerName>לא ידוע</ManufacturerName>
      <ManufactureCountry>לא ידוע</ManufactureCountry>
      <ManufacturerItemDescription>תה פיוז אפרסק 500 מ"</ManufacturerItemDescription>
      <UnitQty>מיליליטרים</UnitQty>
      <Quantity>500.00</Quantity>
      <bIsWeighted>0</bIsWeighted>
      <UnitOfMeasure>100 מ"ל</UnitOfMeasure>
      <QtyInPackage>1</QtyInPackage>
      <ItemPrice>8.50</ItemPrice>
      <UnitOfMeasurePrice>1.70</UnitOfMeasurePrice>
      <AllowDiscount>1</AllowDiscount>
      <ItemStatus>1</ItemStatus>
    </Item>
    <Item>
      <PriceUpdateDate>2025-05-27 15:12</PriceUpdateDate>
      <ItemCode>7290011018443</ItemCode>
      <ItemType>1</ItemType>
      <ItemName>סליק פאנטה אורנג 330 מ"ל</ItemName>
      <ManufacturerName>לא ידוע</ManufacturerName>
      <ManufactureCountry>לא ידוע</ManufactureCountry>
      <ManufacturerItemDescription>סליק פאנטה אורנג 330</ManufacturerItemDescription>
      <UnitQty>מיליליטרים</UnitQty>
      <Quantity>330.00</Quantity>
      <bIsWeighted>0</bIsWeighted>
      <UnitOfMeasure>100 מ"ל</UnitOfMeasure>
      <QtyInPackage>1</QtyInPackage>
      <ItemPrice>6.20</ItemPrice>
      <UnitOfMeasurePrice>1.88</UnitOfMeasurePrice>
      <AllowDiscount>1</AllowDiscount>
      <ItemStatus>1</ItemStatus>
    </Item>
    <Item>
      <PriceUpdateDate>2025-05-27 15:11</PriceUpdateDate>
      <ItemCode>7290011018474</ItemCode>
      <ItemType>1</ItemType>
      <ItemName>סומרסבי סיידר תפוחים אלכוהולי 300 מ"ל</ItemName>
      <ManufacturerName>לא ידוע</ManufacturerName>
      <ManufactureCountry>לא ידוע</ManufactureCountry>
      <ManufacturerItemDescription>סומרסבי סיידר תפוחים</ManufacturerItemDescription>
      <UnitQty>מיליליטרים</UnitQty>
      <Quantity>330.00</Quantity>
      <bIsWeighted>0</bIsWeighted>
      <UnitOfMeasure>100 מ"ל</UnitOfMeasure>
      <QtyInPackage>1</QtyInPackage>
      <ItemPrice>11.20</ItemPrice>
      <UnitOfMeasurePrice>3.39</UnitOfMeasurePrice>
      <AllowDiscount>1</AllowDiscount>
      <ItemStatus>1</ItemStatus>
    </Item>
    <Item>
      <PriceUpdateDate>2025-05-21 08:40</PriceUpdateDate>
      <ItemCode>7290011018832</ItemCode>
      <ItemType>1</ItemType>
      <ItemName>קוקה קולה פרידגפק סליק 330 מ"ל שישייה</ItemName>
      <ManufacturerName>לא ידוע</ManufacturerName>
      <ManufactureCountry>לא ידוע</ManufactureCountry>
      <ManufacturerItemDescription>קוקה קולה פרידגפק   </ManufacturerItemDescription>
      <UnitQty>ליטרים</UnitQty>
      <Quantity>0.00</Quantity>
      <bIsWeighted>0</bIsWeighted>
      <UnitOfMeasure>ליטר</UnitOfMeasure>
      <QtyInPackage>1</QtyInPackage>
      <ItemPrice>26.90</ItemPrice>
      <UnitOfMeasurePrice>26.90</UnitOfMeasurePrice>
      <AllowDiscount>1</AllowDiscount>
      <ItemStatus>1</ItemStatus>
    </Item>
    <Item>
      <PriceUpdateDate>2025-05-21 08:30</PriceUpdateDate>
      <ItemCode>7290011018917</ItemCode>
      <ItemType>1</ItemType>
      <ItemName>ק.קולה זירו פרידגפק סליק 330 מל שישייה</ItemName>
      <ManufacturerName>לא ידוע</ManufacturerName>
      <ManufactureCountry>לא ידוע</ManufactureCountry>
      <ManufacturerItemDescription>ק.קולה זירו פרידגפק </ManufacturerItemDescription>
      <UnitQty>ליטרים</UnitQty>
      <Quantity>0.00</Quantity>
      <bIsWeighted>0</bIsWeighted>
      <UnitOfMeasure>ליטר</UnitOfMeasure>
      <QtyInPackage>1</QtyInPackage>
      <ItemPrice>26.90</ItemPrice>
      <UnitOfMeasurePrice>26.90</UnitOfMeasurePrice>
      <AllowDiscount>1</AllowDiscount>
      <ItemStatus>1</ItemStatus>
    </Item>
    <Item>
      <PriceUpdateDate>2023-12-14 09:24</PriceUpdateDate>
      <ItemCode>7290011051358</ItemCode>
      <ItemType>1</ItemType>
      <ItemName>שוופס סודה לימון 250 מ"ל זכוכית</ItemName>
      <ManufacturerName>לא ידוע</ManufacturerName>
      <ManufactureCountry>לא ידוע</ManufactureCountry>
      <ManufacturerItemDescription>שוופס סודה לימון 250</ManufacturerItemDescription>
      <UnitQty>מיליליטרים</UnitQty>
      <Quantity>250.00</Quantity>
      <bIsWeighted>0</bIsWeighted>
      <UnitOfMeasure>100 מ"ל</UnitOfMeasure>
      <QtyInPackage>1</QtyInPackage>
      <ItemPrice>5.10</ItemPrice>
      <UnitOfMeasurePrice>2.04</UnitOfMeasurePrice>
      <AllowDiscount>1</AllowDiscount>
      <ItemStatus>1</ItemStatus>
    </Item>
    <Item>
      <PriceUpdateDate>2023-11-27 11:18</PriceUpdateDate>
      <ItemCode>7290011128043</ItemCode>
      <ItemType>1</ItemType>
      <ItemName>שורש פטרוזיליה</ItemName>
      <ManufacturerName>לא ידוע</ManufacturerName>
      <ManufactureCountry>לא ידוע</ManufactureCountry>
      <ManufacturerItemDescription>שורש פטרוזיליה      </ManufacturerItemDescription>
      <UnitQty>Unknown</UnitQty>
      <Quantity>0.00</Quantity>
      <bIsWeighted>0</bIsWeighted>
      <UnitOfMeasure>Unknown</UnitOfMeasure>
      <QtyInPackage>1</QtyInPackage>
      <ItemPrice>7.90</ItemPrice>
      <UnitOfMeasurePrice>7.90</UnitOfMeasurePrice>
      <AllowDiscount>1</AllowDiscount>
      <ItemStatus>1</ItemStatus>
    </Item>
    <Item>
      <PriceUpdateDate>2025-03-11 08:13</PriceUpdateDate>
      <ItemCode>7290011131371</ItemCode>
      <ItemType>1</ItemType>
      <ItemName>מיזלי קראנץ אלמונ 1 ק"ג</ItemName>
      <ManufacturerName>לא ידוע</ManufacturerName>
      <ManufactureCountry>לא ידוע</ManufactureCountry>
      <ManufacturerItemDescription>מוזלי פלוס אגוזים וש</ManufacturerItemDescription>
      <UnitQty>גרמים</UnitQty>
      <Quantity>1000.00</Quantity>
      <bIsWeighted>0</bIsWeighted>
      <UnitOfMeasure>100 גרם</UnitOfMeasure>
      <QtyInPackage>1</QtyInPackage>
      <ItemPrice>35.90</ItemPrice>
      <UnitOfMeasurePrice>3.59</UnitOfMeasurePrice>
      <AllowDiscount>1</AllowDiscount>
      <ItemStatus>1</ItemStatus>
    </Item>
    <Item>
      <PriceUpdateDate>2021-01-20 21:12</PriceUpdateDate>
      <ItemCode>7290011132507</ItemCode>
      <ItemType>1</ItemType>
      <ItemName>מים סאן בנדטו מוגז עדין 500 מל</ItemName>
      <ManufacturerName>לא ידוע</ManufacturerName>
      <ManufactureCountry>לא ידוע</ManufactureCountry>
      <ManufacturerItemDescription>סאן בנדטו מוגז 50 מל</ManufacturerItemDescription>
      <UnitQty>מיליליטרים</UnitQty>
      <Quantity>500.00</Quantity>
      <bIsWeighted>0</bIsWeighted>
      <UnitOfMeasure>100 מ"ל</UnitOfMeasure>
      <QtyInPackage>1</QtyInPackage>
      <ItemPrice>4.90</ItemPrice>
      <UnitOfMeasurePrice>0.98</UnitOfMeasurePrice>
      <AllowDiscount>1</AllowDiscount>
      <ItemStatus>1</ItemStatus>
    </Item>
    <Item>
      <PriceUpdateDate>2025-03-20 09:58</PriceUpdateDate>
      <ItemCode>7290011142704</ItemCode>
      <ItemType>1</ItemType>
      <ItemName>לחם שיפון           </ItemName>
      <ManufacturerName>לא ידוע</ManufacturerName>
      <ManufactureCountry>IL</ManufactureCountry>
      <ManufacturerItemDescription>לחם שיפון           </ManufacturerItemDescription>
      <UnitQty>Unknown</UnitQty>
      <Quantity>0.00</Quantity>
      <bIsWeighted>0</bIsWeighted>
      <UnitOfMeasure>Unknown</UnitOfMeasure>
      <QtyInPackage>1</QtyInPackage>
      <ItemPrice>22.90</ItemPrice>
      <UnitOfMeasurePrice>22.90</UnitOfMeasurePrice>
      <AllowDiscount>1</AllowDiscount>
      <ItemStatus>1</ItemStatus>
    </Item>
    <Item>
      <PriceUpdateDate>2025-03-20 09:58</PriceUpdateDate>
      <ItemCode>7290011142711</ItemCode>
      <ItemType>1</ItemType>
      <ItemName>לחם שיפון כפרי      </ItemName>
      <ManufacturerName>לא ידוע</ManufacturerName>
      <ManufactureCountry>IL</ManufactureCountry>
      <ManufacturerItemDescription>לחם שיפון כפרי      </ManufacturerItemDescription>
      <UnitQty>Unknown</UnitQty>
      <Quantity>0.00</Quantity>
      <bIsWeighted>0</bIsWeighted>
      <UnitOfMeasure>Unknown</UnitOfMeasure>
      <QtyInPackage>1</QtyInPackage>
      <ItemPrice>22.90</ItemPrice>
      <UnitOfMeasurePrice>22.90</UnitOfMeasurePrice>
      <AllowDiscount>1</AllowDiscount>
      <ItemStatus>1</ItemStatus>
    </Item>
    <Item>
      <PriceUpdateDate>2025-03-20 09:58</PriceUpdateDate>
      <ItemCode>7290011142728</ItemCode>
      <ItemType>1</ItemType>
      <ItemName>לחם שיפון ביתי      </ItemName>
      <ManufacturerName>לא ידוע</ManufacturerName>
      <ManufactureCountry>IL</ManufactureCountry>
      <ManufacturerItemDescription>לחם שיפון ביתי      </ManufacturerItemDescription>
      <UnitQty>Unknown</UnitQty>
      <Quantity>0.00</Quantity>
      <bIsWeighted>0</bIsWeighted>
      <UnitOfMeasure>Unknown</UnitOfMeasure>
      <QtyInPackage>1</QtyInPackage>
      <ItemPrice>22.90</ItemPrice>
      <UnitOfMeasurePrice>22.90</UnitOfMeasurePrice>
      <AllowDiscount>1</AllowDiscount>
      <ItemStatus>1</ItemStatus>
    </Item>
    <Item>
      <PriceUpdateDate>2025-03-20 09:58</PriceUpdateDate>
      <ItemCode>7290011142742</ItemCode>
      <ItemType>1</ItemType>
      <ItemName>לחם 100% שיפון      </ItemName>
      <ManufacturerName>לא ידוע</ManufacturerName>
      <ManufactureCountry>IL</ManufactureCountry>
      <ManufacturerItemDescription>לחם 100% שיפון      </ManufacturerItemDescription>
      <UnitQty>Unknown</UnitQty>
      <Quantity>0.00</Quantity>
      <bIsWeighted>0</bIsWeighted>
      <UnitOfMeasure>Unknown</UnitOfMeasure>
      <QtyInPackage>1</QtyInPackage>
      <ItemPrice>29.90</ItemPrice>
      <UnitOfMeasurePrice>29.90</UnitOfMeasurePrice>
      <AllowDiscount>1</AllowDiscount>
      <ItemStatus>1</ItemStatus>
    </Item>
    <Item>
      <PriceUpdateDate>2025-03-20 09:58</PriceUpdateDate>
      <ItemCode>7290011142759</ItemCode>
      <ItemType>1</ItemType>
      <ItemName>לחם לבן מיוחד       </ItemName>
      <ManufacturerName>לא ידוע</ManufacturerName>
      <ManufactureCountry>IL</ManufactureCountry>
      <ManufacturerItemDescription>לחם לבן מיוחד       </ManufacturerItemDescription>
      <UnitQty>Unknown</UnitQty>
      <Quantity>0.00</Quantity>
      <bIsWeighted>0</bIsWeighted>
      <UnitOfMeasure>Unknown</UnitOfMeasure>
      <QtyInPackage>1</QtyInPackage>
      <ItemPrice>22.90</ItemPrice>
      <UnitOfMeasurePrice>22.90</UnitOfMeasurePrice>
      <AllowDiscount>1</AllowDiscount>
      <ItemStatus>1</ItemStatus>
    </Item>
    <Item>
      <PriceUpdateDate>2024-03-27 15:56</PriceUpdateDate>
      <ItemCode>7290011148843</ItemCode>
      <ItemType>1</ItemType>
      <ItemName>חסה סלנובה יבולי הכפר יחידה</ItemName>
      <ManufacturerName>לא ידוע</ManufacturerName>
      <ManufactureCountry>לא ידוע</ManufactureCountry>
      <ManufacturerItemDescription>חסה סלנובה יבולי הכפ</ManufacturerItemDescription>
      <UnitQty>יחידה</UnitQty>
      <Quantity>1.00</Quantity>
      <bIsWeighted>0</bIsWeighted>
      <UnitOfMeasure>יחידה</UnitOfMeasure>
      <QtyInPackage>1</QtyInPackage>
      <ItemPrice>14.90</ItemPrice>
      <UnitOfMeasurePrice>14.90</UnitOfMeasurePrice>
      <AllowDiscount>1</AllowDiscount>
      <ItemStatus>1</ItemStatus>
    </Item>
    <Item>
      <PriceUpdateDate>2024-01-13 16:15</PriceUpdateDate>
      <ItemCode>7290011154035</ItemCode>
      <ItemType>1</ItemType>
      <ItemName>תרכיז תפוחים סחוט טעמי הגליל 500 מ"ל</ItemName>
      <ManufacturerName>לא ידוע</ManufacturerName>
      <ManufactureCountry>ישראל</ManufactureCountry>
      <ManufacturerItemDescription>תרכיז תפוחים סחוט טע</ManufacturerItemDescription>
      <UnitQty>מיליליטרים</UnitQty>
      <Quantity>500.00</Quantity>
      <bIsWeighted>0</bIsWeighted>
      <UnitOfMeasure>100 מ"ל</UnitOfMeasure>
      <QtyInPackage>1</QtyInPackage>
      <ItemPrice>24.90</ItemPrice>
      <UnitOfMeasurePrice>4.98</UnitOfMeasurePrice>
      <AllowDiscount>1</AllowDiscount>
      <ItemStatus>1</ItemStatus>
    </Item>
    <Item>
      <PriceUpdateDate>2024-01-13 15:59</PriceUpdateDate>
      <ItemCode>7290011154080</ItemCode>
      <ItemType>1</ItemType>
      <ItemName>תרכיז תפוחים צלול טעמי הגליל 500 מ"ל</ItemName>
      <ManufacturerName>לא ידוע</ManufacturerName>
      <ManufactureCountry>ישראל</ManufactureCountry>
      <ManufacturerItemDescription>תרכיז תפוחים צלול טע</ManufacturerItemDescription>
      <UnitQty>מיליליטרים</UnitQty>
      <Quantity>500.00</Quantity>
      <bIsWeighted>0</bIsWeighted>
      <UnitOfMeasure>100 מ"ל</UnitOfMeasure>
      <QtyInPackage>1</QtyInPackage>
      <ItemPrice>24.90</ItemPrice>
      <UnitOfMeasurePrice>4.98</UnitOfMeasurePrice>
      <AllowDiscount>1</AllowDiscount>
      <ItemStatus>1</ItemStatus>
    </Item>
    <Item>
      <PriceUpdateDate>2025-08-31 14:46</PriceUpdateDate>
      <ItemCode>7290011194246</ItemCode>
      <ItemType>1</ItemType>
      <ItemName>קוטג 5% 250 גר</ItemName>
      <ManufacturerName>לא ידוע</ManufacturerName>
      <ManufactureCountry>לא ידוע</ManufactureCountry>
      <ManufacturerItemDescription>קוטג 5% 250 גר      </ManufacturerItemDescription>
      <UnitQty>גרמים</UnitQty>
      <Quantity>250.00</Quantity>
      <bIsWeighted>0</bIsWeighted>
      <UnitOfMeasure>100 גרם</UnitOfMeasure>
      <QtyInPackage>1</QtyInPackage>
      <ItemPrice>7.10</ItemPrice>
      <UnitOfMeasurePrice>2.84</UnitOfMeasurePrice>
      <AllowDiscount>1</AllowDiscount>
      <ItemStatus>1</ItemStatus>
    </Item>
    <Item>
      <PriceUpdateDate>2025-02-27 09:59</PriceUpdateDate>
      <ItemCode>7290011378028</ItemCode>
      <ItemType>1</ItemType>
      <ItemName>חלבה משומשום מלא ללת"ס 350 גרם</ItemName>
      <ManufacturerName>לא ידוע</ManufacturerName>
      <ManufactureCountry>לא ידוע</ManufactureCountry>
      <ManufacturerItemDescription>חלבה משומשום מלא    </ManufacturerItemDescription>
      <UnitQty>גרמים</UnitQty>
      <Quantity>350.00</Quantity>
      <bIsWeighted>0</bIsWeighted>
      <UnitOfMeasure>100 גרם</UnitOfMeasure>
      <QtyInPackage>1</QtyInPackage>
      <ItemPrice>21.90</ItemPrice>
      <UnitOfMeasurePrice>6.26</UnitOfMeasurePrice>
      <AllowDiscount>1</AllowDiscount>
      <ItemStatus>1</ItemStatus>
    </Item>
    <Item>
      <PriceUpdateDate>2025-02-24 10:58</PriceUpdateDate>
      <ItemCode>7290011405908</ItemCode>
      <ItemType>1</ItemType>
      <ItemName>סכין טורנה לקילוף 6 סמ (ידית אדומה) 12/</ItemName>
      <ManufacturerName>לא ידוע</ManufacturerName>
      <ManufactureCountry>לא ידוע</ManufactureCountry>
      <ManufacturerItemDescription>פרו טורנה - סכין קיל</ManufacturerItemDescription>
      <UnitQty>Unknown</UnitQty>
      <Quantity>0.00</Quantity>
      <bIsWeighted>0</bIsWeighted>
      <UnitOfMeasure>Unknown</UnitOfMeasure>
      <QtyInPackage>1</QtyInPackage>
      <ItemPrice>11.90</ItemPrice>
      <UnitOfMeasurePrice>11.90</UnitOfMeasurePrice>
      <AllowDiscount>1</AllowDiscount>
      <ItemStatus>1</ItemStatus>
    </Item>
    <Item>
      <PriceUpdateDate>2023-01-03 23:38</PriceUpdateDate>
      <ItemCode>7290011435226</ItemCode>
      <ItemType>1</ItemType>
      <ItemName>דבש מפרחי בר בלחיץ 650 גרם</ItemName>
      <ManufacturerName>לא ידוע</ManufacturerName>
      <ManufactureCountry>לא ידוע</ManufactureCountry>
      <ManufacturerItemDescription>דבש מפרחי בר 650 גרם</ManufacturerItemDescription>
      <UnitQty>גרמים</UnitQty>
      <Quantity>650.00</Quantity>
      <bIsWeighted>0</bIsWeighted>
      <UnitOfMeasure>100 גרם</UnitOfMeasure>
      <QtyInPackage>1</QtyInPackage>
      <ItemPrice>41.90</ItemPrice>
      <UnitOfMeasurePrice>6.45</UnitOfMeasurePrice>
      <AllowDiscount>1</AllowDiscount>
      <ItemStatus>1</ItemStatus>
    </Item>
    <Item>
      <PriceUpdateDate>2023-01-14 10:28</PriceUpdateDate>
      <ItemCode>7290011473617</ItemCode>
      <ItemType>1</ItemType>
      <ItemName>טיב הטבע ציה טבעי 300 גרם תבואות</ItemName>
      <ManufacturerName>לא ידוע</ManufacturerName>
      <ManufactureCountry>לא ידוע</ManufactureCountry>
      <ManufacturerItemDescription>טיב הטבע ציה טבעי 30</ManufacturerItemDescription>
      <UnitQty>גרמים</UnitQty>
      <Quantity>300.00</Quantity>
      <bIsWeighted>0</bIsWeighted>
      <UnitOfMeasure>100 גרם</UnitOfMeasure>
      <QtyInPackage>1</QtyInPackage>
      <ItemPrice>17.90</ItemPrice>
      <UnitOfMeasurePrice>5.97</UnitOfMeasurePrice>
      <AllowDiscount>1</AllowDiscount>
      <ItemStatus>1</ItemStatus>
    </Item>
    <Item>
      <PriceUpdateDate>2025-06-06 05:57</PriceUpdateDate>
      <ItemCode>7290011498962</ItemCode>
      <ItemType>1</ItemType>
      <ItemName>שקד לבן 300 גרם</ItemName>
      <ManufacturerName>לא ידוע</ManufacturerName>
      <ManufactureCountry>לא ידוע</ManufactureCountry>
      <ManufacturerItemDescription>שקד לבן 300 גרם     </ManufacturerItemDescription>
      <UnitQty>גרמים</UnitQty>
      <Quantity>300.00</Quantity>
      <bIsWeighted>0</bIsWeighted>
      <UnitOfMeasure>100 גרם</UnitOfMeasure>
      <QtyInPackage>1</QtyInPackage>
      <ItemPrice>48.90</ItemPrice>
      <UnitOfMeasurePrice>16.30</UnitOfMeasurePrice>
      <AllowDiscount>1</AllowDiscount>
      <ItemStatus>1</ItemStatus>
    </Item>
    <Item>
      <PriceUpdateDate>2025-07-10 11:20</PriceUpdateDate>
      <ItemCode>7290011499051</ItemCode>
      <ItemType>1</ItemType>
      <ItemName>פטה כבשים מסורתית  250 גר</ItemName>
      <ManufacturerName>לא ידוע</ManufacturerName>
      <ManufactureCountry>ישראל</ManufactureCountry>
      <ManufacturerItemDescription>פטה כבשים מסורתית  2</ManufacturerItemDescription>
      <UnitQty>גרמים</UnitQty>
      <Quantity>250.00</Quantity>
      <bIsWeighted>0</bIsWeighted>
      <UnitOfMeasure>100 גרם</UnitOfMeasure>
      <QtyInPackage>1</QtyInPackage>
      <ItemPrice>35.50</ItemPrice>
      <UnitOfMeasurePrice>14.20</UnitOfMeasurePrice>
      <AllowDiscount>1</AllowDiscount>
      <ItemStatus>1</ItemStatus>
    </Item>
    <Item>
      <PriceUpdateDate>2025-08-13 14:50</PriceUpdateDate>
      <ItemCode>7290011499105</ItemCode>
      <ItemType>1</ItemType>
      <ItemName>בולגרית 5% 250גר</ItemName>
      <ManufacturerName>לא ידוע</ManufacturerName>
      <ManufactureCountry>ישראל</ManufactureCountry>
      <ManufacturerItemDescription>בולגרית 5% 250גר    </ManufacturerItemDescription>
      <UnitQty>גרמים</UnitQty>
      <Quantity>250.00</Quantity>
      <bIsWeighted>0</bIsWeighted>
      <UnitOfMeasure>100 גרם</UnitOfMeasure>
      <QtyInPackage>1</QtyInPackage>
      <ItemPrice>30.90</ItemPrice>
      <UnitOfMeasurePrice>12.36</UnitOfMeasurePrice>
      <AllowDiscount>1</AllowDiscount>
      <ItemStatus>1</ItemStatus>
    </Item>
    <Item>
      <PriceUpdateDate>2025-08-13 14:52</PriceUpdateDate>
      <ItemCode>7290011499112</ItemCode>
      <ItemType>1</ItemType>
      <ItemName>בולגרית 16% 250גר</ItemName>
      <ManufacturerName>לא ידוע</ManufacturerName>
      <ManufactureCountry>ישראל</ManufactureCountry>
      <ManufacturerItemDescription>בולגרית 16% 250גר   </ManufacturerItemDescription>
      <UnitQty>גרמים</UnitQty>
      <Quantity>250.00</Quantity>
      <bIsWeighted>0</bIsWeighted>
      <UnitOfMeasure>100 גרם</UnitOfMeasure>
      <QtyInPackage>1</QtyInPackage>
      <ItemPrice>30.90</ItemPrice>
      <UnitOfMeasurePrice>12.36</UnitOfMeasurePrice>
      <AllowDiscount>1</AllowDiscount>
      <ItemStatus>1</ItemStatus>
    </Item>
    <Item>
      <PriceUpdateDate>2025-08-13 14:52</PriceUpdateDate>
      <ItemCode>7290011499129</ItemCode>
      <ItemType>1</ItemType>
      <ItemName>קוביות בולגרית מעודנת  5% 200 גר</ItemName>
      <ManufacturerName>לא ידוע</ManufacturerName>
      <ManufactureCountry>ישראל</ManufactureCountry>
      <ManufacturerItemDescription>קוביות בולגרית מעודנ</ManufacturerItemDescription>
      <UnitQty>גרמים</UnitQty>
      <Quantity>200.00</Quantity>
      <bIsWeighted>0</bIsWeighted>
      <UnitOfMeasure>100 גרם</UnitOfMeasure>
      <QtyInPackage>1</QtyInPackage>
      <ItemPrice>28.90</ItemPrice>
      <UnitOfMeasurePrice>14.45</UnitOfMeasurePrice>
      <AllowDiscount>1</AllowDiscount>
      <ItemStatus>1</ItemStatus>
    </Item>
    <Item>
      <PriceUpdateDate>2025-07-14 11:20</PriceUpdateDate>
      <ItemCode>7290011499303</ItemCode>
      <ItemType>1</ItemType>
      <ItemName>גבינה בולגרית מעודנת עיזים 5% 250 גר</ItemName>
      <ManufacturerName>לא ידוע</ManufacturerName>
      <ManufactureCountry>IL</ManufactureCountry>
      <ManufacturerItemDescription>גבינה פטה עיזים מעוד</ManufacturerItemDescription>
      <UnitQty>גרמים</UnitQty>
      <Quantity>250.00</Quantity>
      <bIsWeighted>0</bIsWeighted>
      <UnitOfMeasure>100 גרם</UnitOfMeasure>
      <QtyInPackage>1</QtyInPackage>
      <ItemPrice>38.90</ItemPrice>
      <UnitOfMeasurePrice>15.56</UnitOfMeasurePrice>
      <AllowDiscount>1</AllowDiscount>
      <ItemStatus>1</ItemStatus>
    </Item>
    <Item>
      <PriceUpdateDate>2025-07-10 11:17</PriceUpdateDate>
      <ItemCode>7290011499327</ItemCode>
      <ItemType>1</ItemType>
      <ItemName>גבינה בולגרית מעודנת חלב בקר 250 גר</ItemName>
      <ManufacturerName>לא ידוע</ManufacturerName>
      <ManufactureCountry>ישראל</ManufactureCountry>
      <ManufacturerItemDescription>גבינה בולגרית מעודנת</ManufacturerItemDescription>
      <UnitQty>גרמים</UnitQty>
      <Quantity>250.00</Quantity>
      <bIsWeighted>0</bIsWeighted>
      <UnitOfMeasure>100 גרם</UnitOfMeasure>
      <QtyInPackage>1</QtyInPackage>
      <ItemPrice>30.90</ItemPrice>
      <UnitOfMeasurePrice>12.36</UnitOfMeasurePrice>
      <AllowDiscount>1</AllowDiscount>
      <ItemStatus>1</ItemStatus>
    </Item>
    <Item>
      <PriceUpdateDate>2025-09-16 12:36</PriceUpdateDate>
      <ItemCode>7290011499341</ItemCode>
      <ItemType>1</ItemType>
      <ItemName>קשקאבל ארוז 200 גר</ItemName>
      <ManufacturerName>לא ידוע</ManufacturerName>
      <ManufactureCountry>ישראל</ManufactureCountry>
      <ManufacturerItemDescription>קשקאבל ארוז 200 גר  </ManufacturerItemDescription>
      <UnitQty>גרמים</UnitQty>
      <Quantity>200.00</Quantity>
      <bIsWeighted>0</bIsWeighted>
      <UnitOfMeasure>100 גרם</UnitOfMeasure>
      <QtyInPackage>1</QtyInPackage>
      <ItemPrice>33.50</ItemPrice>
      <UnitOfMeasurePrice>16.75</UnitOfMeasurePrice>
      <AllowDiscount>1</AllowDiscount>
      <ItemStatus>1</ItemStatus>
    </Item>
    <Item>
      <PriceUpdateDate>2025-08-13 14:50</PriceUpdateDate>
      <ItemCode>7290011499358</ItemCode>
      <ItemType>1</ItemType>
      <ItemName>גבינת פטה עיזים 200 גר</ItemName>
      <ManufacturerName>לא ידוע</ManufacturerName>
      <ManufactureCountry>ישראל</ManufactureCountry>
      <ManufacturerItemDescription>גבינת פטה עיזים 200 </ManufacturerItemDescription>
      <UnitQty>גרמים</UnitQty>
      <Quantity>200.00</Quantity>
      <bIsWeighted>0</bIsWeighted>
      <UnitOfMeasure>100 גרם</UnitOfMeasure>
      <QtyInPackage>1</QtyInPackage>
      <ItemPrice>35.90</ItemPrice>
      <UnitOfMeasurePrice>17.95</UnitOfMeasurePrice>
      <AllowDiscount>1</AllowDiscount>
      <ItemStatus>1</ItemStatus>
    </Item>
    <Item>
      <PriceUpdateDate>2025-08-13 14:52</PriceUpdateDate>
      <ItemCode>7290011499365</ItemCode>
      <ItemType>1</ItemType>
      <ItemName>גבינת חלומי 200 גר</ItemName>
      <ManufacturerName>לא ידוע</ManufacturerName>
      <ManufactureCountry>ישראל</ManufactureCountry>
      <ManufacturerItemDescription>גבינת חלומי 200 גר  </ManufacturerItemDescription>
      <UnitQty>גרמים</UnitQty>
      <Quantity>200.00</Quantity>
      <bIsWeighted>0</bIsWeighted>
      <UnitOfMeasure>100 גרם</UnitOfMeasure>
      <QtyInPackage>1</QtyInPackage>
      <ItemPrice>29.90</ItemPrice>
      <UnitOfMeasurePrice>14.95</UnitOfMeasurePrice>
      <AllowDiscount>1</AllowDiscount>
      <ItemStatus>1</ItemStatus>
    </Item>
    <Item>
      <PriceUpdateDate>2025-08-13 14:51</PriceUpdateDate>
      <ItemCode>7290011499419</ItemCode>
      <ItemType>1</ItemType>
      <ItemName>גבינת במרקם שמנת 5% טבעי 200 גר</ItemName>
      <ManufacturerName>לא ידוע</ManufacturerName>
      <ManufactureCountry>ישראל</ManufactureCountry>
      <ManufacturerItemDescription>גבינה במרקם שמנת 5% </ManufacturerItemDescription>
      <UnitQty>גרמים</UnitQty>
      <Quantity>200.00</Quantity>
      <bIsWeighted>0</bIsWeighted>
      <UnitOfMeasure>100 גרם</UnitOfMeasure>
      <QtyInPackage>1</QtyInPackage>
      <ItemPrice>17.50</ItemPrice>
      <UnitOfMeasurePrice>8.75</UnitOfMeasurePrice>
      <AllowDiscount>1</AllowDiscount>
      <ItemStatus>1</ItemStatus>
    </Item>
    <Item>
      <PriceUpdateDate>2025-08-13 14:50</PriceUpdateDate>
      <ItemCode>7290011499624</ItemCode>
      <ItemType>1</ItemType>
      <ItemName>גבינת שמנת 30% טבעי 200 גר</ItemName>
      <ManufacturerName>לא ידוע</ManufacturerName>
      <ManufactureCountry>ישראל</ManufactureCountry>
      <ManufacturerItemDescription>גבינת שמנת 30% טבעי </ManufacturerItemDescription>
      <UnitQty>גרמים</UnitQty>
      <Quantity>200.00</Quantity>
      <bIsWeighted>0</bIsWeighted>
      <UnitOfMeasure>100 גרם</UnitOfMeasure>
      <QtyInPackage>1</QtyInPackage>
      <ItemPrice>18.50</ItemPrice>
      <UnitOfMeasurePrice>9.25</UnitOfMeasurePrice>
      <AllowDiscount>1</AllowDiscount>
      <ItemStatus>1</ItemStatus>
    </Item>
    <Item>
      <PriceUpdateDate>2023-07-03 19:46</PriceUpdateDate>
      <ItemCode>7290011501570</ItemCode>
      <ItemType>1</ItemType>
      <ItemName>מיץ שזיפים 946 מ"ל</ItemName>
      <ManufacturerName>לא ידוע</ManufacturerName>
      <ManufactureCountry>לא ידוע</ManufactureCountry>
      <ManufacturerItemDescription>מיץ שזיפים 946 מ"ל  </ManufacturerItemDescription>
      <UnitQty>מיליליטרים</UnitQty>
      <Quantity>946.00</Quantity>
      <bIsWeighted>0</bIsWeighted>
      <UnitOfMeasure>100 מ"ל</UnitOfMeasure>
      <QtyInPackage>1</QtyInPackage>
      <ItemPrice>27.20</ItemPrice>
      <UnitOfMeasurePrice>2.88</UnitOfMeasurePrice>
      <AllowDiscount>1</AllowDiscount>
      <ItemStatus>1</ItemStatus>
    </Item>
    <Item>
      <PriceUpdateDate>2025-03-25 07:07</PriceUpdateDate>
      <ItemCode>7290011501617</ItemCode>
      <ItemType>1</ItemType>
      <ItemName>חמוציות ברכז תפוחים ללא סוכר 250 גרם</ItemName>
      <ManufacturerName>לא ידוע</ManufacturerName>
      <ManufactureCountry>ישראל</ManufactureCountry>
      <ManufacturerItemDescription>חמוציות ברכז ללא תוס</ManufacturerItemDescription>
      <UnitQty>גרמים</UnitQty>
      <Quantity>250.00</Quantity>
      <bIsWeighted>0</bIsWeighted>
      <UnitOfMeasure>100 גרם</UnitOfMeasure>
      <QtyInPackage>1</QtyInPackage>
      <ItemPrice>25.90</ItemPrice>
      <UnitOfMeasurePrice>10.36</UnitOfMeasurePrice>
      <AllowDiscount>1</AllowDiscount>
      <ItemStatus>1</ItemStatus>
    </Item>
    <Item>
      <PriceUpdateDate>2024-01-11 16:46</PriceUpdateDate>
      <ItemCode>7290011502874</ItemCode>
      <ItemType>1</ItemType>
      <ItemName>גרנולה פירות 500 גרם שקדיה</ItemName>
      <ManufacturerName>לא ידוע</ManufacturerName>
      <ManufactureCountry>לא ידוע</ManufactureCountry>
      <ManufacturerItemDescription>גרנולה פירות 500 גרם</ManufacturerItemDescription>
      <UnitQty>גרמים</UnitQty>
      <Quantity>500.00</Quantity>
      <bIsWeighted>0</bIsWeighted>
      <UnitOfMeasure>100 גרם</UnitOfMeasure>
      <QtyInPackage>1</QtyInPackage>
      <ItemPrice>17.90</ItemPrice>
      <UnitOfMeasurePrice>3.58</UnitOfMeasurePrice>
      <AllowDiscount>1</AllowDiscount>
      <ItemStatus>1</ItemStatus>
    </Item>
    <Item>
      <PriceUpdateDate>2022-04-28 15:43</PriceUpdateDate>
      <ItemCode>7290011530945</ItemCode>
      <ItemType>1</ItemType>
      <ItemName>קרפציו עגל 210 גרם קפוא</ItemName>
      <ManufacturerName>לא ידוע</ManufacturerName>
      <ManufactureCountry>ישראל</ManufactureCountry>
      <ManufacturerItemDescription>קרפציו עגל 210 גרם  </ManufacturerItemDescription>
      <UnitQty>גרמים</UnitQty>
      <Quantity>210.00</Quantity>
      <bIsWeighted>0</bIsWeighted>
      <UnitOfMeasure>100 גרם</UnitOfMeasure>
      <QtyInPackage>1</QtyInPackage>
      <ItemPrice>39.90</ItemPrice>
      <UnitOfMeasurePrice>19.00</UnitOfMeasurePrice>
      <AllowDiscount>1</AllowDiscount>
      <ItemStatus>1</ItemStatus>
    </Item>
    <Item>
      <PriceUpdateDate>2025-03-16 07:19</PriceUpdateDate>
      <ItemCode>7290011587581</ItemCode>
      <ItemType>1</ItemType>
      <ItemName>אנשובי בצנצנת 100 גרם</ItemName>
      <ManufacturerName>לא ידוע</ManufacturerName>
      <ManufactureCountry>לא ידוע</ManufactureCountry>
      <ManufacturerItemDescription>אנשובי בצנצנת 100 גר</ManufacturerItemDescription>
      <UnitQty>גרמים</UnitQty>
      <Quantity>100.00</Quantity>
      <bIsWeighted>0</bIsWeighted>
      <UnitOfMeasure>100 גרם</UnitOfMeasure>
      <QtyInPackage>1</QtyInPackage>
      <ItemPrice>16.50</ItemPrice>
      <UnitOfMeasurePrice>16.50</UnitOfMeasurePrice>
      <AllowDiscount>1</AllowDiscount>
      <ItemStatus>1</ItemStatus>
    </Item>
    <Item>
      <PriceUpdateDate>2025-01-15 10:20</PriceUpdateDate>
      <ItemCode>7290011587857</ItemCode>
      <ItemType>1</ItemType>
      <ItemName>עגבניות מיובשות מתובלות 250 גרם</ItemName>
      <ManufacturerName>לא ידוע</ManufacturerName>
      <ManufactureCountry>לא ידוע</ManufactureCountry>
      <ManufacturerItemDescription>עגבניות מיובשות מתוב</ManufacturerItemDescription>
      <UnitQty>גרמים</UnitQty>
      <Quantity>250.00</Quantity>
      <bIsWeighted>0</bIsWeighted>
      <UnitOfMeasure>100 גרם</UnitOfMeasure>
      <QtyInPackage>1</QtyInPackage>
      <ItemPrice>15.90</ItemPrice>
      <UnitOfMeasurePrice>6.36</UnitOfMeasurePrice>
      <AllowDiscount>1</AllowDiscount>
      <ItemStatus>1</ItemStatus>
    </Item>
    <Item>
      <PriceUpdateDate>2025-02-24 11:01</PriceUpdateDate>
      <ItemCode>7290011591564</ItemCode>
      <ItemType>1</ItemType>
      <ItemName>כף חלקה מעץ</ItemName>
      <ManufacturerName>לא ידוע</ManufacturerName>
      <ManufactureCountry>לא ידוע</ManufactureCountry>
      <ManufacturerItemDescription>כף חלקה מעץ         </ManufacturerItemDescription>
      <UnitQty>Unknown</UnitQty>
      <Quantity>0.00</Quantity>
      <bIsWeighted>0</bIsWeighted>
      <UnitOfMeasure>Unknown</UnitOfMeasure>
      <QtyInPackage>1</QtyInPackage>
      <ItemPrice>14.90</ItemPrice>
      <UnitOfMeasurePrice>14.90</UnitOfMeasurePrice>
      <AllowDiscount>1</AllowDiscount>
      <ItemStatus>1</ItemStatus>
    </Item>
    <Item>
      <PriceUpdateDate>2024-12-09 17:10</PriceUpdateDate>
      <ItemCode>7290011591816</ItemCode>
      <ItemType>1</ItemType>
      <ItemName>משקל מטבח מלבני דיגי</ItemName>
      <ManufacturerName>לא ידוע</ManufacturerName>
      <ManufactureCountry>לא ידוע</ManufactureCountry>
      <ManufacturerItemDescription>משקל מטבח מלבני דיגי</ManufacturerItemDescription>
      <UnitQty>Unknown</UnitQty>
      <Quantity>1.00</Quantity>
      <bIsWeighted>0</bIsWeighted>
      <UnitOfMeasure>Unknown</UnitOfMeasure>
      <QtyInPackage>1</QtyInPackage>
      <ItemPrice>59.90</ItemPrice>
      <UnitOfMeasurePrice>59.90</UnitOfMeasurePrice>
      <AllowDiscount>1</AllowDiscount>
      <ItemStatus>1</ItemStatus>
    </Item>
    <Item>
      <PriceUpdateDate>2022-04-30 14:52</PriceUpdateDate>
      <ItemCode>7290011598211</ItemCode>
      <ItemType>1</ItemType>
      <ItemName>סנו אנטי קאלק רב שימושי 750 מל</ItemName>
      <ManufacturerName>לא ידוע</ManufacturerName>
      <ManufactureCountry>לא ידוע</ManufactureCountry>
      <ManufacturerItemDescription>סנו אנטי קאלק רב שימ</ManufacturerItemDescription>
      <UnitQty>מיליליטרים</UnitQty>
      <Quantity>750.00</Quantity>
      <bIsWeighted>0</bIsWeighted>
      <UnitOfMeasure>100 מ"ל</UnitOfMeasure>
      <QtyInPackage>1</QtyInPackage>
      <ItemPrice>19.90</ItemPrice>
      <UnitOfMeasurePrice>2.65</UnitOfMeasurePrice>
      <AllowDiscount>1</AllowDiscount>
      <ItemStatus>1</ItemStatus>
    </Item>
    <Item>
      <PriceUpdateDate>2025-03-25 06:54</PriceUpdateDate>
      <ItemCode>7290011644000</ItemCode>
      <ItemType>1</ItemType>
      <ItemName>מקלות תירס ממותקים 80 גרם</ItemName>
      <ManufacturerName>לא ידוע</ManufacturerName>
      <ManufactureCountry>לא ידוע</ManufactureCountry>
      <ManufacturerItemDescription>מקלות תירס ממותקים 8</ManufacturerItemDescription>
      <UnitQty>גרמים</UnitQty>
      <Quantity>90.00</Quantity>
      <bIsWeighted>0</bIsWeighted>
      <UnitOfMeasure>100 גרם</UnitOfMeasure>
      <QtyInPackage>1</QtyInPackage>
      <ItemPrice>6.00</ItemPrice>
      <UnitOfMeasurePrice>6.67</UnitOfMeasurePrice>
      <AllowDiscount>1</AllowDiscount>
      <ItemStatus>1</ItemStatus>
    </Item>
    <Item>
      <PriceUpdateDate>2024-04-17 10:22</PriceUpdateDate>
      <ItemCode>7290011646516</ItemCode>
      <ItemType>1</ItemType>
      <ItemName>מגיק טולס מועך תפוא </ItemName>
      <ManufacturerName>לא ידוע</ManufacturerName>
      <ManufactureCountry>לא ידוע</ManufactureCountry>
      <ManufacturerItemDescription>מגיק טולס מועך תפוא </ManufacturerItemDescription>
      <UnitQty>Unknown</UnitQty>
      <Quantity>1.00</Quantity>
      <bIsWeighted>0</bIsWeighted>
      <UnitOfMeasure>Unknown</UnitOfMeasure>
      <QtyInPackage>1</QtyInPackage>
      <ItemPrice>34.90</ItemPrice>
      <UnitOfMeasurePrice>34.90</UnitOfMeasurePrice>
      <AllowDiscount>1</AllowDiscount>
      <ItemStatus>1</ItemStatus>
    </Item>
    <Item>
      <PriceUpdateDate>2025-03-14 17:59</PriceUpdateDate>
      <ItemCode>7290011646530</ItemCode>
      <ItemType>1</ItemType>
      <ItemName>סט 6 ספלי אספרסו+תחתיות</ItemName>
      <ManufacturerName>לא ידוע</ManufacturerName>
      <ManufactureCountry>לא ידוע</ManufactureCountry>
      <ManufacturerItemDescription>מגיק טולס פותחן קופ </ManufacturerItemDescription>
      <UnitQty>Unknown</UnitQty>
      <Quantity>0.00</Quantity>
      <bIsWeighted>0</bIsWeighted>
      <UnitOfMeasure>Unknown</UnitOfMeasure>
      <QtyInPackage>1</QtyInPackage>
      <ItemPrice>49.90</ItemPrice>
      <UnitOfMeasurePrice>49.90</UnitOfMeasurePrice>
      <AllowDiscount>1</AllowDiscount>
      <ItemStatus>1</ItemStatus>
    </Item>
    <Item>
      <PriceUpdateDate>2024-04-17 10:22</PriceUpdateDate>
      <ItemCode>7290011646578</ItemCode>
      <ItemType>1</ItemType>
      <ItemName>מגיק טולס תרבד רחב 6</ItemName>
      <ManufacturerName>לא ידוע</ManufacturerName>
      <ManufactureCountry>לא ידוע</ManufactureCountry>
      <ManufacturerItemDescription>מגיק טולס תרבד רחב 6</ManufacturerItemDescription>
      <UnitQty>Unknown</UnitQty>
      <Quantity>1.00</Quantity>
      <bIsWeighted>0</bIsWeighted>
      <UnitOfMeasure>Unknown</UnitOfMeasure>
      <QtyInPackage>1</QtyInPackage>
      <ItemPrice>34.90</ItemPrice>
      <UnitOfMeasurePrice>34.90</UnitOfMeasurePrice>
      <AllowDiscount>1</AllowDiscount>
      <ItemStatus>1</ItemStatus>
    </Item>
    <Item>
      <PriceUpdateDate>2024-04-17 10:22</PriceUpdateDate>
      <ItemCode>7290011646585</ItemCode>
      <ItemType>1</ItemType>
      <ItemName>סט 6 ספלי קפוצינו+תחתיות</ItemName>
      <ManufacturerName>לא ידוע</ManufacturerName>
      <ManufactureCountry>לא ידוע</ManufactureCountry>
      <ManufacturerItemDescription>מגיק טולס כף מסננת 6</ManufacturerItemDescription>
      <UnitQty>Unknown</UnitQty>
      <Quantity>0.00</Quantity>
      <bIsWeighted>0</bIsWeighted>
      <UnitOfMeasure>Unknown</UnitOfMeasure>
      <QtyInPackage>1</QtyInPackage>
      <ItemPrice>34.90</ItemPrice>
      <UnitOfMeasurePrice>34.90</UnitOfMeasurePrice>
      <AllowDiscount>1</AllowDiscount>
      <ItemStatus>1</ItemStatus>
    </Item>
    <Item>
      <PriceUpdateDate>2023-05-02 12:51</PriceUpdateDate>
      <ItemCode>7290011723200</ItemCode>
      <ItemType>1</ItemType>
      <ItemName>טחינה הר ברכה 100% שומשום טהור 500 גר</ItemName>
      <ManufacturerName>לא ידוע</ManufacturerName>
      <ManufactureCountry>לא ידוע</ManufactureCountry>
      <ManufacturerItemDescription>טחינה הר ברכה 100% ש</ManufacturerItemDescription>
      <UnitQty>גרמים</UnitQty>
      <Quantity>500.00</Quantity>
      <bIsWeighted>0</bIsWeighted>
      <UnitOfMeasure>100 גרם</UnitOfMeasure>
      <QtyInPackage>1</QtyInPackage>
      <ItemPrice>22.90</ItemPrice>
      <UnitOfMeasurePrice>4.58</UnitOfMeasurePrice>
      <AllowDiscount>1</AllowDiscount>
      <ItemStatus>1</ItemStatus>
    </Item>
    <Item>
      <PriceUpdateDate>2025-05-21 08:43</PriceUpdateDate>
      <ItemCode>7290011800840</ItemCode>
      <ItemType>1</ItemType>
      <ItemName>טחינה בלאדי רפי כהן 400 גר</ItemName>
      <ManufacturerName>לא ידוע</ManufacturerName>
      <ManufactureCountry>לא ידוע</ManufactureCountry>
      <ManufacturerItemDescription>טחינה בלאדי רפי כהן </ManufacturerItemDescription>
      <UnitQty>גרמים</UnitQty>
      <Quantity>400.00</Quantity>
      <bIsWeighted>0</bIsWeighted>
      <UnitOfMeasure>100 גרם</UnitOfMeasure>
      <QtyInPackage>1</QtyInPackage>
      <ItemPrice>21.90</ItemPrice>
      <UnitOfMeasurePrice>5.48</UnitOfMeasurePrice>
      <AllowDiscount>1</AllowDiscount>
      <ItemStatus>1</ItemStatus>
    </Item>
    <Item>
      <PriceUpdateDate>2025-03-11 15:24</PriceUpdateDate>
      <ItemCode>7290011877859</ItemCode>
      <ItemType>1</ItemType>
      <ItemName>סנו אינסטלטור פותח סתימות 200 מ"ל</ItemName>
      <ManufacturerName>לא ידוע</ManufacturerName>
      <ManufactureCountry>לא ידוע</ManufactureCountry>
      <ManufacturerItemDescription>סנו אינסטלטור פותח ס</ManufacturerItemDescription>
      <UnitQty>מיליליטרים</UnitQty>
      <Quantity>200.00</Quantity>
      <bIsWeighted>0</bIsWeighted>
      <UnitOfMeasure>100 מ"ל</UnitOfMeasure>
      <QtyInPackage>1</QtyInPackage>
      <ItemPrice>18.90</ItemPrice>
      <UnitOfMeasurePrice>9.45</UnitOfMeasurePrice>
      <AllowDiscount>1</AllowDiscount>
      <ItemStatus>1</ItemStatus>
    </Item>
    <Item>
      <PriceUpdateDate>2025-03-25 07:09</PriceUpdateDate>
      <ItemCode>7290011923273</ItemCode>
      <ItemType>1</ItemType>
      <ItemName>טופו אורגני 300 גרם ליב</ItemName>
      <ManufacturerName>לא ידוע</ManufacturerName>
      <ManufactureCountry>לא ידוע</ManufactureCountry>
      <ManufacturerItemDescription>טופו אורגני 300 גרם </ManufacturerItemDescription>
      <UnitQty>גרמים</UnitQty>
      <Quantity>300.00</Quantity>
      <bIsWeighted>0</bIsWeighted>
      <UnitOfMeasure>100 גרם</UnitOfMeasure>
      <QtyInPackage>1</QtyInPackage>
      <ItemPrice>19.50</ItemPrice>
      <UnitOfMeasurePrice>6.50</UnitOfMeasurePrice>
      <AllowDiscount>1</AllowDiscount>
      <ItemStatus>1</ItemStatus>
    </Item>
    <Item>
      <PriceUpdateDate>2024-03-26 17:41</PriceUpdateDate>
      <ItemCode>7290011923303</ItemCode>
      <ItemType>1</ItemType>
      <ItemName>טופו טבעי ליב 300 גר</ItemName>
      <ManufacturerName>לא ידוע</ManufacturerName>
      <ManufactureCountry>לא ידוע</ManufactureCountry>
      <ManufacturerItemDescription>טופו טבעי ליב 300 גר</ManufacturerItemDescription>
      <UnitQty>גרמים</UnitQty>
      <Quantity>300.00</Quantity>
      <bIsWeighted>0</bIsWeighted>
      <UnitOfMeasure>100 גרם</UnitOfMeasure>
      <QtyInPackage>1</QtyInPackage>
      <ItemPrice>13.90</ItemPrice>
      <UnitOfMeasurePrice>4.63</UnitOfMeasurePrice>
      <AllowDiscount>1</AllowDiscount>
      <ItemStatus>1</ItemStatus>
    </Item>
    <Item>
      <PriceUpdateDate>2025-01-13 10:18</PriceUpdateDate>
      <ItemCode>7290011947316</ItemCode>
      <ItemType>1</ItemType>
      <ItemName>זיתי קלמטה  215 גרם</ItemName>
      <ManufacturerName>לא ידוע</ManufacturerName>
      <ManufactureCountry>לא ידוע</ManufactureCountry>
      <ManufacturerItemDescription>זיתי קלמטה עם גלעין </ManufacturerItemDescription>
      <UnitQty>גרמים</UnitQty>
      <Quantity>215.00</Quantity>
      <bIsWeighted>0</bIsWeighted>
      <UnitOfMeasure>100 גרם</UnitOfMeasure>
      <QtyInPackage>1</QtyInPackage>
      <ItemPrice>17.90</ItemPrice>
      <UnitOfMeasurePrice>8.33</UnitOfMeasurePrice>
      <AllowDiscount>1</AllowDiscount>
      <ItemStatus>1</ItemStatus>
    </Item>
    <Item>
      <PriceUpdateDate>2025-03-25 07:08</PriceUpdateDate>
      <ItemCode>7290011947798</ItemCode>
      <ItemType>1</ItemType>
      <ItemName>זית קלמטה ללא גלעין זיתא 190 גר</ItemName>
      <ManufacturerName>לא ידוע</ManufacturerName>
      <ManufactureCountry>ישראל</ManufactureCountry>
      <ManufacturerItemDescription>זית קלמטה ללא גלעין </ManufacturerItemDescription>
      <UnitQty>גרמים</UnitQty>
      <Quantity>190.00</Quantity>
      <bIsWeighted>0</bIsWeighted>
      <UnitOfMeasure>100 גרם</UnitOfMeasure>
      <QtyInPackage>0</QtyInPackage>
      <ItemPrice>21.90</ItemPrice>
      <UnitOfMeasurePrice>11.53</UnitOfMeasurePrice>
      <AllowDiscount>1</AllowDiscount>
      <ItemStatus>1</ItemStatus>
    </Item>
    <Item>
      <PriceUpdateDate>2025-03-20 12:21</PriceUpdateDate>
      <ItemCode>7290012001994</ItemCode>
      <ItemType>1</ItemType>
      <ItemName>חרדל דיזיון  350 גרם</ItemName>
      <ManufacturerName>לא ידוע</ManufacturerName>
      <ManufactureCountry>לא ידוע</ManufactureCountry>
      <ManufacturerItemDescription>חרדל דיזיון  350 גרם</ManufacturerItemDescription>
      <UnitQty>גרמים</UnitQty>
      <Quantity>350.00</Quantity>
      <bIsWeighted>0</bIsWeighted>
      <UnitOfMeasure>100 גרם</UnitOfMeasure>
      <QtyInPackage>1</QtyInPackage>
      <ItemPrice>17.90</ItemPrice>
      <UnitOfMeasurePrice>5.11</UnitOfMeasurePrice>
      <AllowDiscount>1</AllowDiscount>
      <ItemStatus>1</ItemStatus>
    </Item>
    <Item>
      <PriceUpdateDate>2025-03-16 07:19</PriceUpdateDate>
      <ItemCode>7290012019043</ItemCode>
      <ItemType>1</ItemType>
      <ItemName>שום צעיר כבוש בחומץ בצנצנת 330 גרם</ItemName>
      <ManufacturerName>לא ידוע</ManufacturerName>
      <ManufactureCountry>לא ידוע</ManufactureCountry>
      <ManufacturerItemDescription>שום צעיר כבוש בחומץ </ManufacturerItemDescription>
      <UnitQty>גרמים</UnitQty>
      <Quantity>330.00</Quantity>
      <bIsWeighted>0</bIsWeighted>
      <UnitOfMeasure>100 גרם</UnitOfMeasure>
      <QtyInPackage>1</QtyInPackage>
      <ItemPrice>15.50</ItemPrice>
      <UnitOfMeasurePrice>4.70</UnitOfMeasurePrice>
      <AllowDiscount>1</AllowDiscount>
      <ItemStatus>1</ItemStatus>
    </Item>
    <Item>
      <PriceUpdateDate>2025-03-16 07:19</PriceUpdateDate>
      <ItemCode>7290012019050</ItemCode>
      <ItemType>1</ItemType>
      <ItemName>שום צעיר כבוש ובוגר וציפורן בחומץ 330 גר</ItemName>
      <ManufacturerName>לא ידוע</ManufacturerName>
      <ManufactureCountry>לא ידוע</ManufactureCountry>
      <ManufacturerItemDescription>שום צעיר כבוש ובוגר </ManufacturerItemDescription>
      <UnitQty>גרמים</UnitQty>
      <Quantity>330.00</Quantity>
      <bIsWeighted>0</bIsWeighted>
      <UnitOfMeasure>100 גרם</UnitOfMeasure>
      <QtyInPackage>1</QtyInPackage>
      <ItemPrice>15.50</ItemPrice>
      <UnitOfMeasurePrice>4.70</UnitOfMeasurePrice>
      <AllowDiscount>1</AllowDiscount>
      <ItemStatus>1</ItemStatus>
    </Item>
    <Item>
      <PriceUpdateDate>2025-03-11 08:12</PriceUpdateDate>
      <ItemCode>7290012019265</ItemCode>
      <ItemType>1</ItemType>
      <ItemName>רסק תפו"ע דיאט  4 יח 113 גר</ItemName>
      <ManufacturerName>לא ידוע</ManufacturerName>
      <ManufactureCountry>לא ידוע</ManufactureCountry>
      <ManufacturerItemDescription>רסק תפו"ע דיאט  4 יח</ManufacturerItemDescription>
      <UnitQty>גרמים</UnitQty>
      <Quantity>113.00</Quantity>
      <bIsWeighted>0</bIsWeighted>
      <UnitOfMeasure>100 גרם</UnitOfMeasure>
      <QtyInPackage>1</QtyInPackage>
      <ItemPrice>16.50</ItemPrice>
      <UnitOfMeasurePrice>14.60</UnitOfMeasurePrice>
      <AllowDiscount>1</AllowDiscount>
      <ItemStatus>1</ItemStatus>
    </Item>
    <Item>
      <PriceUpdateDate>2023-08-04 09:06</PriceUpdateDate>
      <ItemCode>7290012022005</ItemCode>
      <ItemType>1</ItemType>
      <ItemName>פריכיות חיטה 60 גרם</ItemName>
      <ManufacturerName>לא ידוע</ManufacturerName>
      <ManufactureCountry>לא ידוע</ManufactureCountry>
      <ManufacturerItemDescription>פריכיות חיטה 70 גרם </ManufacturerItemDescription>
      <UnitQty>גרמים</UnitQty>
      <Quantity>70.00</Quantity>
      <bIsWeighted>0</bIsWeighted>
      <UnitOfMeasure>100 גרם</UnitOfMeasure>
      <QtyInPackage>1</QtyInPackage>
      <ItemPrice>13.90</ItemPrice>
      <UnitOfMeasurePrice>19.86</UnitOfMeasurePrice>
      <AllowDiscount>1</AllowDiscount>
      <ItemStatus>1</ItemStatus>
    </Item>
    <Item>
      <PriceUpdateDate>2023-08-04 09:06</PriceUpdateDate>
      <ItemCode>7290012022050</ItemCode>
      <ItemType>1</ItemType>
      <ItemName>פריכיות חיטה מלאה 100 גרם</ItemName>
      <ManufacturerName>לא ידוע</ManufacturerName>
      <ManufactureCountry>לא ידוע</ManufactureCountry>
      <ManufacturerItemDescription>פריכיות חיטה מלאה   </ManufacturerItemDescription>
      <UnitQty>גרמים</UnitQty>
      <Quantity>100.00</Quantity>
      <bIsWeighted>0</bIsWeighted>
      <UnitOfMeasure>100 גרם</UnitOfMeasure>
      <QtyInPackage>1</QtyInPackage>
      <ItemPrice>15.90</ItemPrice>
      <UnitOfMeasurePrice>15.90</UnitOfMeasurePrice>
      <AllowDiscount>1</AllowDiscount>
      <ItemStatus>1</ItemStatus>
    </Item>
    <Item>
      <PriceUpdateDate>2023-08-04 09:07</PriceUpdateDate>
      <ItemCode>7290012022067</ItemCode>
      <ItemType>1</ItemType>
      <ItemName>קריספיות קידס</ItemName>
      <ManufacturerName>לא ידוע</ManufacturerName>
      <ManufactureCountry>ישראל</ManufactureCountry>
      <ManufacturerItemDescription>קריספיות קידס 30 גרם</ManufacturerItemDescription>
      <UnitQty>גרמים</UnitQty>
      <Quantity>30.00</Quantity>
      <bIsWeighted>0</bIsWeighted>
      <UnitOfMeasure>100 גרם</UnitOfMeasure>
      <QtyInPackage>1</QtyInPackage>
      <ItemPrice>12.90</ItemPrice>
      <UnitOfMeasurePrice>43.00</UnitOfMeasurePrice>
      <AllowDiscount>1</AllowDiscount>
      <ItemStatus>1</ItemStatus>
    </Item>
    <Item>
      <PriceUpdateDate>2023-12-26 14:27</PriceUpdateDate>
      <ItemCode>7290012117558</ItemCode>
      <ItemType>1</ItemType>
      <ItemName>מרכך כביסה מקסימה סופר מרוכז 1 ל מאסק</ItemName>
      <ManufacturerName>לא ידוע</ManufacturerName>
      <ManufactureCountry>לא ידוע</ManufactureCountry>
      <ManufacturerItemDescription>מרכך כביסה מקסימה סו</ManufacturerItemDescription>
      <UnitQty>מיליליטרים</UnitQty>
      <Quantity>1000.00</Quantity>
      <bIsWeighted>0</bIsWeighted>
      <UnitOfMeasure>100 מ"ל</UnitOfMeasure>
      <QtyInPackage>1</QtyInPackage>
      <ItemPrice>19.90</ItemPrice>
      <UnitOfMeasurePrice>1.99</UnitOfMeasurePrice>
      <AllowDiscount>1</AllowDiscount>
      <ItemStatus>1</ItemStatus>
    </Item>
    <Item>
      <PriceUpdateDate>2022-06-02 10:17</PriceUpdateDate>
      <ItemCode>7290012117916</ItemCode>
      <ItemType>1</ItemType>
      <ItemName>סנו אינסטלטור נוזלי 1 ליטר</ItemName>
      <ManufacturerName>לא ידוע</ManufacturerName>
      <ManufactureCountry>לא ידוע</ManufactureCountry>
      <ManufacturerItemDescription>סנו אינסטלטור נוזלי </ManufacturerItemDescription>
      <UnitQty>מיליליטרים</UnitQty>
      <Quantity>1000.00</Quantity>
      <bIsWeighted>0</bIsWeighted>
      <UnitOfMeasure>100 מ"ל</UnitOfMeasure>
      <QtyInPackage>1</QtyInPackage>
      <ItemPrice>33.90</ItemPrice>
      <UnitOfMeasurePrice>3.39</UnitOfMeasurePrice>
      <AllowDiscount>1</AllowDiscount>
      <ItemStatus>1</ItemStatus>
    </Item>
    <Item>
      <PriceUpdateDate>2024-11-17 13:15</PriceUpdateDate>
      <ItemCode>7290012251047</ItemCode>
      <ItemType>1</ItemType>
      <ItemName>קבנוס כפרי 250 גרם מזרע</ItemName>
      <ManufacturerName>לא ידוע</ManufacturerName>
      <ManufactureCountry>לא ידוע</ManufactureCountry>
      <ManufacturerItemDescription>קבנוס כפרי 250 גרם  </ManufacturerItemDescription>
      <UnitQty>גרמים</UnitQty>
      <Quantity>250.00</Quantity>
      <bIsWeighted>0</bIsWeighted>
      <UnitOfMeasure>100 גרם</UnitOfMeasure>
      <QtyInPackage>1</QtyInPackage>
      <ItemPrice>22.90</ItemPrice>
      <UnitOfMeasurePrice>9.16</UnitOfMeasurePrice>
      <AllowDiscount>1</AllowDiscount>
      <ItemStatus>1</ItemStatus>
    </Item>
    <Item>
      <PriceUpdateDate>2024-11-17 13:15</PriceUpdateDate>
      <ItemCode>7290012251146</ItemCode>
      <ItemType>1</ItemType>
      <ItemName>מיני קופצקי סרוולט 280 גרם</ItemName>
      <ManufacturerName>לא ידוע</ManufacturerName>
      <ManufactureCountry>לא ידוע</ManufactureCountry>
      <ManufacturerItemDescription>מיני קופצקי סרוולט  </ManufacturerItemDescription>
      <UnitQty>גרמים</UnitQty>
      <Quantity>280.00</Quantity>
      <bIsWeighted>0</bIsWeighted>
      <UnitOfMeasure>100 גרם</UnitOfMeasure>
      <QtyInPackage>1</QtyInPackage>
      <ItemPrice>39.90</ItemPrice>
      <UnitOfMeasurePrice>14.25</UnitOfMeasurePrice>
      <AllowDiscount>1</AllowDiscount>
      <ItemStatus>1</ItemStatus>
    </Item>
    <Item>
      <PriceUpdateDate>2024-10-09 17:16</PriceUpdateDate>
      <ItemCode>7290012251276</ItemCode>
      <ItemType>1</ItemType>
      <ItemName>תיק בד טיב טעם</ItemName>
      <ManufacturerName>לא ידוע</ManufacturerName>
      <ManufactureCountry>לא ידוע</ManufactureCountry>
      <ManufacturerItemDescription>תיק רב פעמי ממוחזר  </ManufacturerItemDescription>
      <UnitQty>Unknown</UnitQty>
      <Quantity>0.00</Quantity>
      <bIsWeighted>0</bIsWeighted>
      <UnitOfMeasure>Unknown</UnitOfMeasure>
      <QtyInPackage>1</QtyInPackage>
      <ItemPrice>6.90</ItemPrice>
      <UnitOfMeasurePrice>6.90</UnitOfMeasurePrice>
      <AllowDiscount>1</AllowDiscount>
      <ItemStatus>1</ItemStatus>
    </Item>
    <Item>
      <PriceUpdateDate>2025-03-06 18:54</PriceUpdateDate>
      <ItemCode>7290012251412</ItemCode>
      <ItemType>1</ItemType>
      <ItemName>קרפלך עוף מזרע 1 ק"ג</ItemName>
      <ManufacturerName>לא ידוע</ManufacturerName>
      <ManufactureCountry>לא ידוע</ManufactureCountry>
      <ManufacturerItemDescription>קרפלך עוף מזרע 1 ק"ג</ManufacturerItemDescription>
      <UnitQty>גרמים</UnitQty>
      <Quantity>1000.00</Quantity>
      <bIsWeighted>0</bIsWeighted>
      <UnitOfMeasure>100 גרם</UnitOfMeasure>
      <QtyInPackage>1</QtyInPackage>
      <ItemPrice>54.90</ItemPrice>
      <UnitOfMeasurePrice>5.49</UnitOfMeasurePrice>
      <AllowDiscount>1</AllowDiscount>
      <ItemStatus>1</ItemStatus>
    </Item>
    <Item>
      <PriceUpdateDate>2025-03-06 18:54</PriceUpdateDate>
      <ItemCode>7290012251429</ItemCode>
      <ItemType>1</ItemType>
      <ItemName>קרפלך בשר לבן מזרע 600 גר</ItemName>
      <ManufacturerName>לא ידוע</ManufacturerName>
      <ManufactureCountry>לא ידוע</ManufactureCountry>
      <ManufacturerItemDescription>קרפלך בשר לבן מזרע  </ManufacturerItemDescription>
      <UnitQty>גרמים</UnitQty>
      <Quantity>600.00</Quantity>
      <bIsWeighted>0</bIsWeighted>
      <UnitOfMeasure>100 גרם</UnitOfMeasure>
      <QtyInPackage>1</QtyInPackage>
      <ItemPrice>36.90</ItemPrice>
      <UnitOfMeasurePrice>6.15</UnitOfMeasurePrice>
      <AllowDiscount>1</AllowDiscount>
      <ItemStatus>1</ItemStatus>
    </Item>
    <Item>
      <PriceUpdateDate>2025-08-07 08:56</PriceUpdateDate>
      <ItemCode>7290012251481</ItemCode>
      <ItemType>1</ItemType>
      <ItemName>שרימפס מקולף 500 גר קפוא L</ItemName>
      <ManufacturerName>לא ידוע</ManufacturerName>
      <ManufactureCountry>לא ידוע</ManufactureCountry>
      <ManufacturerItemDescription>שרימפס מקולף 500 גר </ManufacturerItemDescription>
      <UnitQty>גרמים</UnitQty>
      <Quantity>500.00</Quantity>
      <bIsWeighted>0</bIsWeighted>
      <UnitOfMeasure>100 גרם</UnitOfMeasure>
      <QtyInPackage>1</QtyInPackage>
      <ItemPrice>49.90</ItemPrice>
      <UnitOfMeasurePrice>9.98</UnitOfMeasurePrice>
      <AllowDiscount>1</AllowDiscount>
      <ItemStatus>1</ItemStatus>
    </Item>
    <Item>
      <PriceUpdateDate>2025-08-13 14:50</PriceUpdateDate>
      <ItemCode>7290012251498</ItemCode>
      <ItemType>1</ItemType>
      <ItemName>שרימפס מקולף 500 גר קפוא M</ItemName>
      <ManufacturerName>לא ידוע</ManufacturerName>
      <ManufactureCountry>לא ידוע</ManufactureCountry>
      <ManufacturerItemDescription>שרימפס מקולף 500 גר </ManufacturerItemDescription>
      <UnitQty>גרמים</UnitQty>
      <Quantity>500.00</Quantity>
      <bIsWeighted>0</bIsWeighted>
      <UnitOfMeasure>100 גרם</UnitOfMeasure>
      <QtyInPackage>1</QtyInPackage>
      <ItemPrice>49.90</ItemPrice>
      <UnitOfMeasurePrice>9.98</UnitOfMeasurePrice>
      <AllowDiscount>1</AllowDiscount>
      <ItemStatus>1</ItemStatus>
    </Item>
    <Item>
      <PriceUpdateDate>2024-11-18 15:58</PriceUpdateDate>
      <ItemCode>7290012251511</ItemCode>
      <ItemType>1</ItemType>
      <ItemName>דג בסה קוביות 500 גר קפוא</ItemName>
      <ManufacturerName>לא ידוע</ManufacturerName>
      <ManufactureCountry>לא ידוע</ManufactureCountry>
      <ManufacturerItemDescription>דג בסה קוביות 500 גר</ManufacturerItemDescription>
      <UnitQty>גרמים</UnitQty>
      <Quantity>500.00</Quantity>
      <bIsWeighted>0</bIsWeighted>
      <UnitOfMeasure>100 גרם</UnitOfMeasure>
      <QtyInPackage>1</QtyInPackage>
      <ItemPrice>22.90</ItemPrice>
      <UnitOfMeasurePrice>4.58</UnitOfMeasurePrice>
      <AllowDiscount>1</AllowDiscount>
      <ItemStatus>1</ItemStatus>
    </Item>
    <Item>
      <PriceUpdateDate>2024-11-17 13:15</PriceUpdateDate>
      <ItemCode>7290012251528</ItemCode>
      <ItemType>1</ItemType>
      <ItemName>נקניקיות בוואריה עם גבינה 700 גר מזרע</ItemName>
      <ManufacturerName>לא ידוע</ManufacturerName>
      <ManufactureCountry>לא ידוע</ManufactureCountry>
      <ManufacturerItemDescription>נקניקיות בוואריה    </ManufacturerItemDescription>
      <UnitQty>גרמים</UnitQty>
      <Quantity>700.00</Quantity>
      <bIsWeighted>0</bIsWeighted>
      <UnitOfMeasure>100 גרם</UnitOfMeasure>
      <QtyInPackage>1</QtyInPackage>
      <ItemPrice>71.90</ItemPrice>
      <UnitOfMeasurePrice>10.27</UnitOfMeasurePrice>
      <AllowDiscount>1</AllowDiscount>
      <ItemStatus>1</ItemStatus>
    </Item>
    <Item>
      <PriceUpdateDate>2025-08-13 14:50</PriceUpdateDate>
      <ItemCode>7290012251535</ItemCode>
      <ItemType>1</ItemType>
      <ItemName>שרימפס מבושל 750 גר קפוא</ItemName>
      <ManufacturerName>לא ידוע</ManufacturerName>
      <ManufactureCountry>לא ידוע</ManufactureCountry>
      <ManufacturerItemDescription>שרימפס מבושל קפוא   </ManufacturerItemDescription>
      <UnitQty>גרמים</UnitQty>
      <Quantity>750.00</Quantity>
      <bIsWeighted>0</bIsWeighted>
      <UnitOfMeasure>100 גרם</UnitOfMeasure>
      <QtyInPackage>1</QtyInPackage>
      <ItemPrice>69.90</ItemPrice>
      <UnitOfMeasurePrice>9.32</UnitOfMeasurePrice>
      <AllowDiscount>1</AllowDiscount>
      <ItemStatus>1</ItemStatus>
    </Item>
    <Item>
      <PriceUpdateDate>2025-07-14 11:21</PriceUpdateDate>
      <ItemCode>7290012251542</ItemCode>
      <ItemType>1</ItemType>
      <ItemName>שרימפס לא מקולף גדול 1 ק"ג קפוא 26/30</ItemName>
      <ManufacturerName>לא ידוע</ManufacturerName>
      <ManufactureCountry>לא ידוע</ManufactureCountry>
      <ManufacturerItemDescription>שרימפס לא מקולף גדול</ManufacturerItemDescription>
      <UnitQty>קילוגרמים</UnitQty>
      <Quantity>0.00</Quantity>
      <bIsWeighted>0</bIsWeighted>
      <UnitOfMeasure>ק"ג</UnitOfMeasure>
      <QtyInPackage>1</QtyInPackage>
      <ItemPrice>99.90</ItemPrice>
      <UnitOfMeasurePrice>99.90</UnitOfMeasurePrice>
      <AllowDiscount>1</AllowDiscount>
      <ItemStatus>1</ItemStatus>
    </Item>
    <Item>
      <PriceUpdateDate>2025-05-23 08:10</PriceUpdateDate>
      <ItemCode>7290012251672</ItemCode>
      <ItemType>1</ItemType>
      <ItemName>חמאה צרפתית 200 גר</ItemName>
      <ManufacturerName>לא ידוע</ManufacturerName>
      <ManufactureCountry>לא ידוע</ManufactureCountry>
      <ManufacturerItemDescription>חמאה צרפתית 200 גר  </ManufacturerItemDescription>
      <UnitQty>גרמים</UnitQty>
      <Quantity>200.00</Quantity>
      <bIsWeighted>0</bIsWeighted>
      <UnitOfMeasure>100 גרם</UnitOfMeasure>
      <QtyInPackage>1</QtyInPackage>
      <ItemPrice>19.90</ItemPrice>
      <UnitOfMeasurePrice>9.95</UnitOfMeasurePrice>
      <AllowDiscount>1</AllowDiscount>
      <ItemStatus>1</ItemStatus>
    </Item>
    <Item>
      <PriceUpdateDate>2025-02-27 09:59</PriceUpdateDate>
      <ItemCode>7290012251726</ItemCode>
      <ItemType>1</ItemType>
      <ItemName>מזרע קרפלך הודו מתכון סבתא 600 גר</ItemName>
      <ManufacturerName>לא ידוע</ManufacturerName>
      <ManufactureCountry>לא ידוע</ManufactureCountry>
      <ManufacturerItemDescription>קרפלך הודו מתכון    </ManufacturerItemDescription>
      <UnitQty>גרמים</UnitQty>
      <Quantity>600.00</Quantity>
      <bIsWeighted>0</bIsWeighted>
      <UnitOfMeasure>100 גרם</UnitOfMeasure>
      <QtyInPackage>1</QtyInPackage>
      <ItemPrice>44.90</ItemPrice>
      <UnitOfMeasurePrice>7.48</UnitOfMeasurePrice>
      <AllowDiscount>1</AllowDiscount>
      <ItemStatus>1</ItemStatus>
    </Item>
    <Item>
      <PriceUpdateDate>2025-03-06 18:53</PriceUpdateDate>
      <ItemCode>7290012251757</ItemCode>
      <ItemType>1</ItemType>
      <ItemName>קרפלך תפוחי אדמה 600 גר</ItemName>
      <ManufacturerName>לא ידוע</ManufacturerName>
      <ManufactureCountry>לא ידוע</ManufactureCountry>
      <ManufacturerItemDescription>קרפלך תפוחי אדמה    </ManufacturerItemDescription>
      <UnitQty>גרמים</UnitQty>
      <Quantity>600.00</Quantity>
      <bIsWeighted>0</bIsWeighted>
      <UnitOfMeasure>100 גרם</UnitOfMeasure>
      <QtyInPackage>1</QtyInPackage>
      <ItemPrice>33.90</ItemPrice>
      <UnitOfMeasurePrice>5.65</UnitOfMeasurePrice>
      <AllowDiscount>1</AllowDiscount>
      <ItemStatus>1</ItemStatus>
    </Item>
    <Item>
      <PriceUpdateDate>2025-03-06 18:53</PriceUpdateDate>
      <ItemCode>7290012251870</ItemCode>
      <ItemType>1</ItemType>
      <ItemName>טבע פרוסט אפונה וגזר 800 גרם</ItemName>
      <ManufacturerName>לא ידוע</ManufacturerName>
      <ManufactureCountry>BE</ManufactureCountry>
      <ManufacturerItemDescription>טבע פרוסט אפונה וגזר</ManufacturerItemDescription>
      <UnitQty>גרמים</UnitQty>
      <Quantity>800.00</Quantity>
      <bIsWeighted>0</bIsWeighted>
      <UnitOfMeasure>100 גרם</UnitOfMeasure>
      <QtyInPackage>1</QtyInPackage>
      <ItemPrice>25.90</ItemPrice>
      <UnitOfMeasurePrice>3.24</UnitOfMeasurePrice>
      <AllowDiscount>1</AllowDiscount>
      <ItemStatus>1</ItemStatus>
    </Item>
    <Item>
      <PriceUpdateDate>2025-03-06 18:54</PriceUpdateDate>
      <ItemCode>7290012251887</ItemCode>
      <ItemType>1</ItemType>
      <ItemName>לקט למרק טבעפרוסט 800 גרם</ItemName>
      <ManufacturerName>לא ידוע</ManufacturerName>
      <ManufactureCountry>BE</ManufactureCountry>
      <ManufacturerItemDescription>לקט למרק טבעפרוסט 80</ManufacturerItemDescription>
      <UnitQty>גרמים</UnitQty>
      <Quantity>800.00</Quantity>
      <bIsWeighted>0</bIsWeighted>
      <UnitOfMeasure>100 גרם</UnitOfMeasure>
      <QtyInPackage>1</QtyInPackage>
      <ItemPrice>26.90</ItemPrice>
      <UnitOfMeasurePrice>3.36</UnitOfMeasurePrice>
      <AllowDiscount>1</AllowDiscount>
      <ItemStatus>1</ItemStatus>
    </Item>
    <Item>
      <PriceUpdateDate>2025-02-24 10:59</PriceUpdateDate>
      <ItemCode>7290012251894</ItemCode>
      <ItemType>1</ItemType>
      <ItemName>טבע פרוסט לקט טוסקנה 800 גרם</ItemName>
      <ManufacturerName>לא ידוע</ManufacturerName>
      <ManufactureCountry>BE</ManufactureCountry>
      <ManufacturerItemDescription>טבע פרוסט לקט טוסקנה</ManufacturerItemDescription>
      <UnitQty>גרמים</UnitQty>
      <Quantity>800.00</Quantity>
      <bIsWeighted>0</bIsWeighted>
      <UnitOfMeasure>100 גרם</UnitOfMeasure>
      <QtyInPackage>1</QtyInPackage>
      <ItemPrice>26.90</ItemPrice>
      <UnitOfMeasurePrice>3.36</UnitOfMeasurePrice>
      <AllowDiscount>1</AllowDiscount>
      <ItemStatus>1</ItemStatus>
    </Item>
    <Item>
      <PriceUpdateDate>2024-11-14 12:56</PriceUpdateDate>
      <ItemCode>7290012252891</ItemCode>
      <ItemType>1</ItemType>
      <ItemName>נקניקיות אוסטריות מצוננות 600 גרם</ItemName>
      <ManufacturerName>לא ידוע</ManufacturerName>
      <ManufactureCountry>IL</ManufactureCountry>
      <ManufacturerItemDescription>נקניקיות אוסטריות מצ</ManufacturerItemDescription>
      <UnitQty>גרמים</UnitQty>
      <Quantity>600.00</Quantity>
      <bIsWeighted>0</bIsWeighted>
      <UnitOfMeasure>100 גרם</UnitOfMeasure>
      <QtyInPackage>1</QtyInPackage>
      <ItemPrice>35.90</ItemPrice>
      <UnitOfMeasurePrice>5.98</UnitOfMeasurePrice>
      <AllowDiscount>1</AllowDiscount>
      <ItemStatus>1</ItemStatus>
    </Item>
    <Item>
      <PriceUpdateDate>2024-11-06 08:15</PriceUpdateDate>
      <ItemCode>7290012252914</ItemCode>
      <ItemType>1</ItemType>
      <ItemName>נקניקיות בלקניות מצוננות 600 גרם</ItemName>
      <ManufacturerName>לא ידוע</ManufacturerName>
      <ManufactureCountry>IL</ManufactureCountry>
      <ManufacturerItemDescription>נקניקיות בלקניות מצו</ManufacturerItemDescription>
      <UnitQty>גרמים</UnitQty>
      <Quantity>600.00</Quantity>
      <bIsWeighted>0</bIsWeighted>
      <UnitOfMeasure>100 גרם</UnitOfMeasure>
      <QtyInPackage>1</QtyInPackage>
      <ItemPrice>27.90</ItemPrice>
      <UnitOfMeasurePrice>4.65</UnitOfMeasurePrice>
      <AllowDiscount>1</AllowDiscount>
      <ItemStatus>1</ItemStatus>
    </Item>
    <Item>
      <PriceUpdateDate>2025-03-11 08:18</PriceUpdateDate>
      <ItemCode>7290012306204</ItemCode>
      <ItemType>1</ItemType>
      <ItemName>אורז עגול בוכרי לאוש פלוב 1 ק"ג</ItemName>
      <ManufacturerName>לא ידוע</ManufacturerName>
      <ManufactureCountry />
      <ManufacturerItemDescription>אורז עגול בוכרי לאוש</ManufacturerItemDescription>
      <UnitQty>גרמים</UnitQty>
      <Quantity>1000.00</Quantity>
      <bIsWeighted>0</bIsWeighted>
      <UnitOfMeasure>100 גרם</UnitOfMeasure>
      <QtyInPackage>1</QtyInPackage>
      <ItemPrice>25.90</ItemPrice>
      <UnitOfMeasurePrice>2.59</UnitOfMeasurePrice>
      <AllowDiscount>1</AllowDiscount>
      <ItemStatus>1</ItemStatus>
    </Item>
    <Item>
      <PriceUpdateDate>2025-03-25 07:05</PriceUpdateDate>
      <ItemCode>7290012309311</ItemCode>
      <ItemType>1</ItemType>
      <ItemName>ערמונים קלופים שלמים 100 גר</ItemName>
      <ManufacturerName>לא ידוע</ManufacturerName>
      <ManufactureCountry>לא ידוע</ManufactureCountry>
      <ManufacturerItemDescription>ערמונים קלופים שלמים</ManufacturerItemDescription>
      <UnitQty>גרמים</UnitQty>
      <Quantity>100.00</Quantity>
      <bIsWeighted>0</bIsWeighted>
      <UnitOfMeasure>100 גרם</UnitOfMeasure>
      <QtyInPackage>1</QtyInPackage>
      <ItemPrice>6.80</ItemPrice>
      <UnitOfMeasurePrice>6.80</UnitOfMeasurePrice>
      <AllowDiscount>1</AllowDiscount>
      <ItemStatus>1</ItemStatus>
    </Item>
    <Item>
      <PriceUpdateDate>2025-03-25 07:06</PriceUpdateDate>
      <ItemCode>7290012309939</ItemCode>
      <ItemType>1</ItemType>
      <ItemName>חלבה מסולסלת 500 גרם</ItemName>
      <ManufacturerName>לא ידוע</ManufacturerName>
      <ManufactureCountry>לא ידוע</ManufactureCountry>
      <ManufacturerItemDescription>חלבה מסולסלת 500 גרם</ManufacturerItemDescription>
      <UnitQty>גרמים</UnitQty>
      <Quantity>500.00</Quantity>
      <bIsWeighted>0</bIsWeighted>
      <UnitOfMeasure>100 גרם</UnitOfMeasure>
      <QtyInPackage>1</QtyInPackage>
      <ItemPrice>25.90</ItemPrice>
      <UnitOfMeasurePrice>5.18</UnitOfMeasurePrice>
      <AllowDiscount>1</AllowDiscount>
      <ItemStatus>1</ItemStatus>
    </Item>
    <Item>
      <PriceUpdateDate>2023-06-11 08:52</PriceUpdateDate>
      <ItemCode>7290012384011</ItemCode>
      <ItemType>1</ItemType>
      <ItemName>בגט רוסטיק</ItemName>
      <ManufacturerName>לא ידוע</ManufacturerName>
      <ManufactureCountry>IL</ManufactureCountry>
      <ManufacturerItemDescription>בגט רוסטיק          </ManufacturerItemDescription>
      <UnitQty>Unknown</UnitQty>
      <Quantity>0.00</Quantity>
      <bIsWeighted>0</bIsWeighted>
      <UnitOfMeasure>Unknown</UnitOfMeasure>
      <QtyInPackage>1</QtyInPackage>
      <ItemPrice>11.90</ItemPrice>
      <UnitOfMeasurePrice>11.90</UnitOfMeasurePrice>
      <AllowDiscount>1</AllowDiscount>
      <ItemStatus>1</ItemStatus>
    </Item>
    <Item>
      <PriceUpdateDate>2023-06-11 08:52</PriceUpdateDate>
      <ItemCode>7290012384028</ItemCode>
      <ItemType>1</ItemType>
      <ItemName>חלה מתוקה 600 גרם</ItemName>
      <ManufacturerName>לא ידוע</ManufacturerName>
      <ManufactureCountry>IL</ManufactureCountry>
      <ManufacturerItemDescription>חלה מתוקה 600 גרם   </ManufacturerItemDescription>
      <UnitQty>גרמים</UnitQty>
      <Quantity>600.00</Quantity>
      <bIsWeighted>0</bIsWeighted>
      <UnitOfMeasure>100 גרם</UnitOfMeasure>
      <QtyInPackage>1</QtyInPackage>
      <ItemPrice>18.90</ItemPrice>
      <UnitOfMeasurePrice>3.15</UnitOfMeasurePrice>
      <AllowDiscount>1</AllowDiscount>
      <ItemStatus>1</ItemStatus>
    </Item>
    <Item>
      <PriceUpdateDate>2025-03-20 09:58</PriceUpdateDate>
      <ItemCode>7290012384059</ItemCode>
      <ItemType>1</ItemType>
      <ItemName>לחם כפרי אגוזים וצימוקים 400 גרם</ItemName>
      <ManufacturerName>לא ידוע</ManufacturerName>
      <ManufactureCountry>IL</ManufactureCountry>
      <ManufacturerItemDescription>לחם כפרי אגוזים וצימ</ManufacturerItemDescription>
      <UnitQty>גרמים</UnitQty>
      <Quantity>400.00</Quantity>
      <bIsWeighted>0</bIsWeighted>
      <UnitOfMeasure>100 גרם</UnitOfMeasure>
      <QtyInPackage>1</QtyInPackage>
      <ItemPrice>24.90</ItemPrice>
      <UnitOfMeasurePrice>6.23</UnitOfMeasurePrice>
      <AllowDiscount>1</AllowDiscount>
      <ItemStatus>1</ItemStatus>
    </Item>
    <Item>
      <PriceUpdateDate>2025-03-20 09:58</PriceUpdateDate>
      <ItemCode>7290012384066</ItemCode>
      <ItemType>1</ItemType>
      <ItemName>לחם איטלקי  400 גרם</ItemName>
      <ManufacturerName>לא ידוע</ManufacturerName>
      <ManufactureCountry>IL</ManufactureCountry>
      <ManufacturerItemDescription>לחם איטלקי  400 גרם </ManufacturerItemDescription>
      <UnitQty>גרמים</UnitQty>
      <Quantity>400.00</Quantity>
      <bIsWeighted>0</bIsWeighted>
      <UnitOfMeasure>100 גרם</UnitOfMeasure>
      <QtyInPackage>1</QtyInPackage>
      <ItemPrice>24.90</ItemPrice>
      <UnitOfMeasurePrice>6.23</UnitOfMeasurePrice>
      <AllowDiscount>1</AllowDiscount>
      <ItemStatus>1</ItemStatus>
    </Item>
    <Item>
      <PriceUpdateDate>2025-03-20 09:58</PriceUpdateDate>
      <ItemCode>7290012384073</ItemCode>
      <ItemType>1</ItemType>
      <ItemName>לחם בצל 400 גרם</ItemName>
      <ManufacturerName>לא ידוע</ManufacturerName>
      <ManufactureCountry>IL</ManufactureCountry>
      <ManufacturerItemDescription>לחם בצל 400 גרם     </ManufacturerItemDescription>
      <UnitQty>גרמים</UnitQty>
      <Quantity>400.00</Quantity>
      <bIsWeighted>0</bIsWeighted>
      <UnitOfMeasure>100 גרם</UnitOfMeasure>
      <QtyInPackage>1</QtyInPackage>
      <ItemPrice>24.90</ItemPrice>
      <UnitOfMeasurePrice>6.23</UnitOfMeasurePrice>
      <AllowDiscount>1</AllowDiscount>
      <ItemStatus>1</ItemStatus>
    </Item>
    <Item>
      <PriceUpdateDate>2025-03-20 09:58</PriceUpdateDate>
      <ItemCode>7290012384097</ItemCode>
      <ItemType>1</ItemType>
      <ItemName>לחם צרפתי לבן  400 גרם</ItemName>
      <ManufacturerName>לא ידוע</ManufacturerName>
      <ManufactureCountry>IL</ManufactureCountry>
      <ManufacturerItemDescription>לחם צרפתי לבן  400 ג</ManufacturerItemDescription>
      <UnitQty>גרמים</UnitQty>
      <Quantity>400.00</Quantity>
      <bIsWeighted>0</bIsWeighted>
      <UnitOfMeasure>100 גרם</UnitOfMeasure>
      <QtyInPackage>1</QtyInPackage>
      <ItemPrice>24.90</ItemPrice>
      <UnitOfMeasurePrice>6.23</UnitOfMeasurePrice>
      <AllowDiscount>1</AllowDiscount>
      <ItemStatus>1</ItemStatus>
    </Item>
    <Item>
      <PriceUpdateDate>2025-03-20 09:58</PriceUpdateDate>
      <ItemCode>7290012384103</ItemCode>
      <ItemType>1</ItemType>
      <ItemName>לחם דגנים מלא 400 גרם</ItemName>
      <ManufacturerName>לא ידוע</ManufacturerName>
      <ManufactureCountry>IL</ManufactureCountry>
      <ManufacturerItemDescription>לחם דגנים מלא 400 גר</ManufacturerItemDescription>
      <UnitQty>גרמים</UnitQty>
      <Quantity>400.00</Quantity>
      <bIsWeighted>0</bIsWeighted>
      <UnitOfMeasure>100 גרם</UnitOfMeasure>
      <QtyInPackage>1</QtyInPackage>
      <ItemPrice>24.90</ItemPrice>
      <UnitOfMeasurePrice>6.23</UnitOfMeasurePrice>
      <AllowDiscount>1</AllowDiscount>
      <ItemStatus>1</ItemStatus>
    </Item>
    <Item>
      <PriceUpdateDate>2025-03-20 09:58</PriceUpdateDate>
      <ItemCode>7290012384110</ItemCode>
      <ItemType>1</ItemType>
      <ItemName>לחם זיתים 540 גרם</ItemName>
      <ManufacturerName>לא ידוע</ManufacturerName>
      <ManufactureCountry>IL</ManufactureCountry>
      <ManufacturerItemDescription>לחם זיתים 540 גרם   </ManufacturerItemDescription>
      <UnitQty>גרמים</UnitQty>
      <Quantity>540.00</Quantity>
      <bIsWeighted>0</bIsWeighted>
      <UnitOfMeasure>100 גרם</UnitOfMeasure>
      <QtyInPackage>1</QtyInPackage>
      <ItemPrice>24.90</ItemPrice>
      <UnitOfMeasurePrice>4.61</UnitOfMeasurePrice>
      <AllowDiscount>1</AllowDiscount>
      <ItemStatus>1</ItemStatus>
    </Item>
    <Item>
      <PriceUpdateDate>2025-03-20 09:58</PriceUpdateDate>
      <ItemCode>7290012384127</ItemCode>
      <ItemType>1</ItemType>
      <ItemName>לחם כפרי  540 גרם</ItemName>
      <ManufacturerName>לא ידוע</ManufacturerName>
      <ManufactureCountry>IL</ManufactureCountry>
      <ManufacturerItemDescription>לחם כפרי  540 גרם   </ManufacturerItemDescription>
      <UnitQty>גרמים</UnitQty>
      <Quantity>540.00</Quantity>
      <bIsWeighted>0</bIsWeighted>
      <UnitOfMeasure>100 גרם</UnitOfMeasure>
      <QtyInPackage>1</QtyInPackage>
      <ItemPrice>24.90</ItemPrice>
      <UnitOfMeasurePrice>4.61</UnitOfMeasurePrice>
      <AllowDiscount>1</AllowDiscount>
      <ItemStatus>1</ItemStatus>
    </Item>
    <Item>
      <PriceUpdateDate>2025-03-20 09:58</PriceUpdateDate>
      <ItemCode>7290012384134</ItemCode>
      <ItemType>1</ItemType>
      <ItemName>לחם בתוספת כוסמין 480 גרם</ItemName>
      <ManufacturerName>לא ידוע</ManufacturerName>
      <ManufactureCountry>IL</ManufactureCountry>
      <ManufacturerItemDescription>לחם בתוספת כוסמין 48</ManufacturerItemDescription>
      <UnitQty>גרמים</UnitQty>
      <Quantity>480.00</Quantity>
      <bIsWeighted>0</bIsWeighted>
      <UnitOfMeasure>100 גרם</UnitOfMeasure>
      <QtyInPackage>1</QtyInPackage>
      <ItemPrice>24.90</ItemPrice>
      <UnitOfMeasurePrice>5.19</UnitOfMeasurePrice>
      <AllowDiscount>1</AllowDiscount>
      <ItemStatus>1</ItemStatus>
    </Item>
    <Item>
      <PriceUpdateDate>2022-08-01 20:28</PriceUpdateDate>
      <ItemCode>7290012384141</ItemCode>
      <ItemType>1</ItemType>
      <ItemName>מארז לחמניות</ItemName>
      <ManufacturerName>לא ידוע</ManufacturerName>
      <ManufactureCountry>IL</ManufactureCountry>
      <ManufacturerItemDescription>מארז לחמניות        </ManufacturerItemDescription>
      <UnitQty>Unknown</UnitQty>
      <Quantity>0.00</Quantity>
      <bIsWeighted>0</bIsWeighted>
      <UnitOfMeasure>Unknown</UnitOfMeasure>
      <QtyInPackage>1</QtyInPackage>
      <ItemPrice>19.50</ItemPrice>
      <UnitOfMeasurePrice>19.50</UnitOfMeasurePrice>
      <AllowDiscount>1</AllowDiscount>
      <ItemStatus>1</ItemStatus>
    </Item>
    <Item>
      <PriceUpdateDate>2023-06-11 08:52</PriceUpdateDate>
      <ItemCode>7290012384226</ItemCode>
      <ItemType>1</ItemType>
      <ItemName>פוקצה ירקות   770 גרם</ItemName>
      <ManufacturerName>לא ידוע</ManufacturerName>
      <ManufactureCountry>IL</ManufactureCountry>
      <ManufacturerItemDescription>פוקצה ירקות   770 גר</ManufacturerItemDescription>
      <UnitQty>גרמים</UnitQty>
      <Quantity>770.00</Quantity>
      <bIsWeighted>0</bIsWeighted>
      <UnitOfMeasure>100 גרם</UnitOfMeasure>
      <QtyInPackage>1</QtyInPackage>
      <ItemPrice>25.90</ItemPrice>
      <UnitOfMeasurePrice>3.36</UnitOfMeasurePrice>
      <AllowDiscount>1</AllowDiscount>
      <ItemStatus>1</ItemStatus>
    </Item>
    <Item>
      <PriceUpdateDate>2023-01-13 12:37</PriceUpdateDate>
      <ItemCode>7290012384264</ItemCode>
      <ItemType>1</ItemType>
      <ItemName>חלת בריוש 210 גרם</ItemName>
      <ManufacturerName>לא ידוע</ManufacturerName>
      <ManufactureCountry>IL</ManufactureCountry>
      <ManufacturerItemDescription>חלת בריוש 210 גרם   </ManufacturerItemDescription>
      <UnitQty>גרמים</UnitQty>
      <Quantity>210.00</Quantity>
      <bIsWeighted>0</bIsWeighted>
      <UnitOfMeasure>100 גרם</UnitOfMeasure>
      <QtyInPackage>1</QtyInPackage>
      <ItemPrice>23.90</ItemPrice>
      <UnitOfMeasurePrice>11.38</UnitOfMeasurePrice>
      <AllowDiscount>1</AllowDiscount>
      <ItemStatus>1</ItemStatus>
    </Item>
    <Item>
      <PriceUpdateDate>2025-02-16 16:32</PriceUpdateDate>
      <ItemCode>7290012384462</ItemCode>
      <ItemType>1</ItemType>
      <ItemName>מארז 2 לחמניות בריוש</ItemName>
      <ManufacturerName>לא ידוע</ManufacturerName>
      <ManufactureCountry>IL</ManufactureCountry>
      <ManufacturerItemDescription>מארז 2 לחמניות בריוש</ManufacturerItemDescription>
      <UnitQty>גרמים</UnitQty>
      <Quantity>300.00</Quantity>
      <bIsWeighted>0</bIsWeighted>
      <UnitOfMeasure>100 גרם</UnitOfMeasure>
      <QtyInPackage>1</QtyInPackage>
      <ItemPrice>19.90</ItemPrice>
      <UnitOfMeasurePrice>6.63</UnitOfMeasurePrice>
      <AllowDiscount>1</AllowDiscount>
      <ItemStatus>1</ItemStatus>
    </Item>
    <Item>
      <PriceUpdateDate>2025-03-25 06:55</PriceUpdateDate>
      <ItemCode>7290012384479</ItemCode>
      <ItemType>1</ItemType>
      <ItemName>עוגת שמרים תפוח 500 גרם</ItemName>
      <ManufacturerName>לא ידוע</ManufacturerName>
      <ManufactureCountry>IL</ManufactureCountry>
      <ManufacturerItemDescription>עוגת שמרים תפוח 500 </ManufacturerItemDescription>
      <UnitQty>גרמים</UnitQty>
      <Quantity>500.00</Quantity>
      <bIsWeighted>0</bIsWeighted>
      <UnitOfMeasure>100 גרם</UnitOfMeasure>
      <QtyInPackage>1</QtyInPackage>
      <ItemPrice>46.90</ItemPrice>
      <UnitOfMeasurePrice>9.38</UnitOfMeasurePrice>
      <AllowDiscount>1</AllowDiscount>
      <ItemStatus>1</ItemStatus>
    </Item>
    <Item>
      <PriceUpdateDate>2025-03-25 06:55</PriceUpdateDate>
      <ItemCode>7290012384493</ItemCode>
      <ItemType>1</ItemType>
      <ItemName>עוגה שמרים חלבה שוקולד  580 גרם</ItemName>
      <ManufacturerName>לא ידוע</ManufacturerName>
      <ManufactureCountry>IL</ManufactureCountry>
      <ManufacturerItemDescription>עוגה שמרים חלבה שוקו</ManufacturerItemDescription>
      <UnitQty>גרמים</UnitQty>
      <Quantity>580.00</Quantity>
      <bIsWeighted>0</bIsWeighted>
      <UnitOfMeasure>100 גרם</UnitOfMeasure>
      <QtyInPackage>1</QtyInPackage>
      <ItemPrice>46.90</ItemPrice>
      <UnitOfMeasurePrice>8.09</UnitOfMeasurePrice>
      <AllowDiscount>1</AllowDiscount>
      <ItemStatus>1</ItemStatus>
    </Item>
    <Item>
      <PriceUpdateDate>2025-03-20 09:58</PriceUpdateDate>
      <ItemCode>7290012384523</ItemCode>
      <ItemType>1</ItemType>
      <ItemName>עוגה גזר לה פרינה 660 גרם</ItemName>
      <ManufacturerName>לא ידוע</ManufacturerName>
      <ManufactureCountry>IL</ManufactureCountry>
      <ManufacturerItemDescription>עוגה גזר לה פרינה 66</ManufacturerItemDescription>
      <UnitQty>גרמים</UnitQty>
      <Quantity>660.00</Quantity>
      <bIsWeighted>0</bIsWeighted>
      <UnitOfMeasure>100 גרם</UnitOfMeasure>
      <QtyInPackage>1</QtyInPackage>
      <ItemPrice>46.90</ItemPrice>
      <UnitOfMeasurePrice>7.11</UnitOfMeasurePrice>
      <AllowDiscount>1</AllowDiscount>
      <ItemStatus>1</ItemStatus>
    </Item>
    <Item>
      <PriceUpdateDate>2025-03-20 09:58</PriceUpdateDate>
      <ItemCode>7290012384547</ItemCode>
      <ItemType>1</ItemType>
      <ItemName>עוגה שוקולד פאדג לה פרינה 650 גרם</ItemName>
      <ManufacturerName>לא ידוע</ManufacturerName>
      <ManufactureCountry>IL</ManufactureCountry>
      <ManufacturerItemDescription>עוגה שוקולד פאדג לה </ManufacturerItemDescription>
      <UnitQty>גרמים</UnitQty>
      <Quantity>650.00</Quantity>
      <bIsWeighted>0</bIsWeighted>
      <UnitOfMeasure>100 גרם</UnitOfMeasure>
      <QtyInPackage>1</QtyInPackage>
      <ItemPrice>46.90</ItemPrice>
      <UnitOfMeasurePrice>7.22</UnitOfMeasurePrice>
      <AllowDiscount>1</AllowDiscount>
      <ItemStatus>1</ItemStatus>
    </Item>
    <Item>
      <PriceUpdateDate>2025-03-25 06:55</PriceUpdateDate>
      <ItemCode>7290012384561</ItemCode>
      <ItemType>1</ItemType>
      <ItemName>עוגה שמרים גבינה לה פרינה 400 גרם</ItemName>
      <ManufacturerName>לא ידוע</ManufacturerName>
      <ManufactureCountry>IL</ManufactureCountry>
      <ManufacturerItemDescription>עוגה שמרים גבינה לה </ManufacturerItemDescription>
      <UnitQty>גרמים</UnitQty>
      <Quantity>400.00</Quantity>
      <bIsWeighted>0</bIsWeighted>
      <UnitOfMeasure>100 גרם</UnitOfMeasure>
      <QtyInPackage>1</QtyInPackage>
      <ItemPrice>46.90</ItemPrice>
      <UnitOfMeasurePrice>11.73</UnitOfMeasurePrice>
      <AllowDiscount>1</AllowDiscount>
      <ItemStatus>1</ItemStatus>
    </Item>
    <Item>
      <PriceUpdateDate>2025-03-25 06:55</PriceUpdateDate>
      <ItemCode>7290012384592</ItemCode>
      <ItemType>1</ItemType>
      <ItemName>עוגה שמרים שוקולד לה פרינה 480 גרם</ItemName>
      <ManufacturerName>לא ידוע</ManufacturerName>
      <ManufactureCountry>IL</ManufactureCountry>
      <ManufacturerItemDescription>עוגה שמרים שוקולד לה</ManufacturerItemDescription>
      <UnitQty>גרמים</UnitQty>
      <Quantity>480.00</Quantity>
      <bIsWeighted>0</bIsWeighted>
      <UnitOfMeasure>100 גרם</UnitOfMeasure>
      <QtyInPackage>1</QtyInPackage>
      <ItemPrice>46.90</ItemPrice>
      <UnitOfMeasurePrice>9.77</UnitOfMeasurePrice>
      <AllowDiscount>1</AllowDiscount>
      <ItemStatus>1</ItemStatus>
    </Item>
    <Item>
      <PriceUpdateDate>2025-03-20 09:58</PriceUpdateDate>
      <ItemCode>7290012384608</ItemCode>
      <ItemType>1</ItemType>
      <ItemName>עוגה תפוז לה פרינה 560 גרם</ItemName>
      <ManufacturerName>לא ידוע</ManufacturerName>
      <ManufactureCountry>IL</ManufactureCountry>
      <ManufacturerItemDescription>עוגה תפוז לה פרינה 5</ManufacturerItemDescription>
      <UnitQty>גרמים</UnitQty>
      <Quantity>560.00</Quantity>
      <bIsWeighted>0</bIsWeighted>
      <UnitOfMeasure>100 גרם</UnitOfMeasure>
      <QtyInPackage>1</QtyInPackage>
      <ItemPrice>46.90</ItemPrice>
      <UnitOfMeasurePrice>8.38</UnitOfMeasurePrice>
      <AllowDiscount>1</AllowDiscount>
      <ItemStatus>1</ItemStatus>
    </Item>
    <Item>
      <PriceUpdateDate>2022-08-01 20:47</PriceUpdateDate>
      <ItemCode>7290012384714</ItemCode>
      <ItemType>1</ItemType>
      <ItemName>עוגיות מדלן וניל 240 גרם</ItemName>
      <ManufacturerName>לא ידוע</ManufacturerName>
      <ManufactureCountry>IL</ManufactureCountry>
      <ManufacturerItemDescription>עוגיות מדלן וניל 240</ManufacturerItemDescription>
      <UnitQty>גרמים</UnitQty>
      <Quantity>240.00</Quantity>
      <bIsWeighted>0</bIsWeighted>
      <UnitOfMeasure>100 גרם</UnitOfMeasure>
      <QtyInPackage>1</QtyInPackage>
      <ItemPrice>39.90</ItemPrice>
      <UnitOfMeasurePrice>16.63</UnitOfMeasurePrice>
      <AllowDiscount>1</AllowDiscount>
      <ItemStatus>1</ItemStatus>
    </Item>
    <Item>
      <PriceUpdateDate>2022-08-01 20:33</PriceUpdateDate>
      <ItemCode>7290012384813</ItemCode>
      <ItemType>1</ItemType>
      <ItemName>עוגיות פנה פורטה</ItemName>
      <ManufacturerName>לא ידוע</ManufacturerName>
      <ManufactureCountry>IL</ManufactureCountry>
      <ManufacturerItemDescription>עוגיות פנה פורטה    </ManufacturerItemDescription>
      <UnitQty>גרמים</UnitQty>
      <Quantity>280.00</Quantity>
      <bIsWeighted>0</bIsWeighted>
      <UnitOfMeasure>100 גרם</UnitOfMeasure>
      <QtyInPackage>1</QtyInPackage>
      <ItemPrice>39.90</ItemPrice>
      <UnitOfMeasurePrice>14.25</UnitOfMeasurePrice>
      <AllowDiscount>1</AllowDiscount>
      <ItemStatus>1</ItemStatus>
    </Item>
    <Item>
      <PriceUpdateDate>2024-11-28 08:04</PriceUpdateDate>
      <ItemCode>7290012385063</ItemCode>
      <ItemType>1</ItemType>
      <ItemName>עוגת שמרים נוגט 650 גר</ItemName>
      <ManufacturerName>לא ידוע</ManufacturerName>
      <ManufactureCountry>IL</ManufactureCountry>
      <ManufacturerItemDescription>עוגת נוגט ובוטנים   </ManufacturerItemDescription>
      <UnitQty>גרמים</UnitQty>
      <Quantity>650.00</Quantity>
      <bIsWeighted>0</bIsWeighted>
      <UnitOfMeasure>100 גרם</UnitOfMeasure>
      <QtyInPackage>1</QtyInPackage>
      <ItemPrice>46.90</ItemPrice>
      <UnitOfMeasurePrice>7.22</UnitOfMeasurePrice>
      <AllowDiscount>1</AllowDiscount>
      <ItemStatus>1</ItemStatus>
    </Item>
    <Item>
      <PriceUpdateDate>2025-05-21 08:32</PriceUpdateDate>
      <ItemCode>7290012385193</ItemCode>
      <ItemType>1</ItemType>
      <ItemName>עוגיות קשקבל פיקנטי </ItemName>
      <ManufacturerName>לא ידוע</ManufacturerName>
      <ManufactureCountry>IL</ManufactureCountry>
      <ManufacturerItemDescription>עוגיות קשקבל פיקנטי </ManufacturerItemDescription>
      <UnitQty>גרמים</UnitQty>
      <Quantity>230.00</Quantity>
      <bIsWeighted>0</bIsWeighted>
      <UnitOfMeasure>100 גרם</UnitOfMeasure>
      <QtyInPackage>1</QtyInPackage>
      <ItemPrice>39.90</ItemPrice>
      <UnitOfMeasurePrice>17.35</UnitOfMeasurePrice>
      <AllowDiscount>1</AllowDiscount>
      <ItemStatus>1</ItemStatus>
    </Item>
    <Item>
      <PriceUpdateDate>2025-03-20 09:58</PriceUpdateDate>
      <ItemCode>7290012385483</ItemCode>
      <ItemType>1</ItemType>
      <ItemName>לחם סלק  400 גרם</ItemName>
      <ManufacturerName>לא ידוע</ManufacturerName>
      <ManufactureCountry>IL</ManufactureCountry>
      <ManufacturerItemDescription>לחם סלק  400 גרם    </ManufacturerItemDescription>
      <UnitQty>גרמים</UnitQty>
      <Quantity>400.00</Quantity>
      <bIsWeighted>0</bIsWeighted>
      <UnitOfMeasure>100 גרם</UnitOfMeasure>
      <QtyInPackage>1</QtyInPackage>
      <ItemPrice>24.90</ItemPrice>
      <UnitOfMeasurePrice>6.23</UnitOfMeasurePrice>
      <AllowDiscount>1</AllowDiscount>
      <ItemStatus>1</ItemStatus>
    </Item>
    <Item>
      <PriceUpdateDate>2022-08-01 21:27</PriceUpdateDate>
      <ItemCode>7290012385728</ItemCode>
      <ItemType>1</ItemType>
      <ItemName>עוגת ביסקוויט וניל 6</ItemName>
      <ManufacturerName>לא ידוע</ManufacturerName>
      <ManufactureCountry>IL</ManufactureCountry>
      <ManufacturerItemDescription>עוגת ביסקוויט וניל 6</ManufacturerItemDescription>
      <UnitQty>גרמים</UnitQty>
      <Quantity>650.00</Quantity>
      <bIsWeighted>0</bIsWeighted>
      <UnitOfMeasure>100 גרם</UnitOfMeasure>
      <QtyInPackage>1</QtyInPackage>
      <ItemPrice>79.90</ItemPrice>
      <UnitOfMeasurePrice>12.29</UnitOfMeasurePrice>
      <AllowDiscount>1</AllowDiscount>
      <ItemStatus>1</ItemStatus>
    </Item>
    <Item>
      <PriceUpdateDate>2025-03-20 09:59</PriceUpdateDate>
      <ItemCode>7290012385957</ItemCode>
      <ItemType>1</ItemType>
      <ItemName>מארז פחזניות  300 גר</ItemName>
      <ManufacturerName>לא ידוע</ManufacturerName>
      <ManufactureCountry>IL</ManufactureCountry>
      <ManufacturerItemDescription>מארז פחזניות  300 גר</ManufacturerItemDescription>
      <UnitQty>גרמים</UnitQty>
      <Quantity>300.00</Quantity>
      <bIsWeighted>0</bIsWeighted>
      <UnitOfMeasure>100 גרם</UnitOfMeasure>
      <QtyInPackage>1</QtyInPackage>
      <ItemPrice>35.90</ItemPrice>
      <UnitOfMeasurePrice>11.97</UnitOfMeasurePrice>
      <AllowDiscount>1</AllowDiscount>
      <ItemStatus>1</ItemStatus>
    </Item>
    <Item>
      <PriceUpdateDate>2025-03-06 18:51</PriceUpdateDate>
      <ItemCode>7290012522581</ItemCode>
      <ItemType>1</ItemType>
      <ItemName>שניצל תירס טבעול ללא גלוטן 664 גר</ItemName>
      <ManufacturerName>לא ידוע</ManufacturerName>
      <ManufactureCountry>לא ידוע</ManufactureCountry>
      <ManufacturerItemDescription>שניצל תירס טבעול ללא</ManufacturerItemDescription>
      <UnitQty>גרמים</UnitQty>
      <Quantity>664.00</Quantity>
      <bIsWeighted>0</bIsWeighted>
      <UnitOfMeasure>100 גרם</UnitOfMeasure>
      <QtyInPackage>1</QtyInPackage>
      <ItemPrice>45.50</ItemPrice>
      <UnitOfMeasurePrice>6.85</UnitOfMeasurePrice>
      <AllowDiscount>1</AllowDiscount>
      <ItemStatus>1</ItemStatus>
    </Item>
    <Item>
      <PriceUpdateDate>2025-03-16 07:19</PriceUpdateDate>
      <ItemCode>7290012642586</ItemCode>
      <ItemType>1</ItemType>
      <ItemName>ערמונים קלופים 100 גרם</ItemName>
      <ManufacturerName>לא ידוע</ManufacturerName>
      <ManufactureCountry>לא ידוע</ManufactureCountry>
      <ManufacturerItemDescription>ערמונים קלופים 100 ג</ManufacturerItemDescription>
      <UnitQty>גרמים</UnitQty>
      <Quantity>100.00</Quantity>
      <bIsWeighted>0</bIsWeighted>
      <UnitOfMeasure>100 גרם</UnitOfMeasure>
      <QtyInPackage>1</QtyInPackage>
      <ItemPrice>8.30</ItemPrice>
      <UnitOfMeasurePrice>8.30</UnitOfMeasurePrice>
      <AllowDiscount>1</AllowDiscount>
      <ItemStatus>1</ItemStatus>
    </Item>
    <Item>
      <PriceUpdateDate>2025-06-25 06:24</PriceUpdateDate>
      <ItemCode>7290012645112</ItemCode>
      <ItemType>1</ItemType>
      <ItemName>יוגורט עיזים בדלי 750 מל</ItemName>
      <ManufacturerName>לא ידוע</ManufacturerName>
      <ManufactureCountry>לא ידוע</ManufactureCountry>
      <ManufacturerItemDescription>יוגורט עיזים ביו 750</ManufacturerItemDescription>
      <UnitQty>מיליליטרים</UnitQty>
      <Quantity>750.00</Quantity>
      <bIsWeighted>0</bIsWeighted>
      <UnitOfMeasure>100 מ"ל</UnitOfMeasure>
      <QtyInPackage>1</QtyInPackage>
      <ItemPrice>24.50</ItemPrice>
      <UnitOfMeasurePrice>3.27</UnitOfMeasurePrice>
      <AllowDiscount>1</AllowDiscount>
      <ItemStatus>1</ItemStatus>
    </Item>
    <Item>
      <PriceUpdateDate>2025-04-22 18:00</PriceUpdateDate>
      <ItemCode>729001280999</ItemCode>
      <ItemType>1</ItemType>
      <ItemName>נישנושי אסאדו עגל עם עצם קפוא</ItemName>
      <ManufacturerName>לא ידוע</ManufacturerName>
      <ManufactureCountry>פולין</ManufactureCountry>
      <ManufacturerItemDescription>נישנושי אסאדו עגל עם</ManufacturerItemDescription>
      <UnitQty>Unknown</UnitQty>
      <Quantity>0.00</Quantity>
      <bIsWeighted>1</bIsWeighted>
      <UnitOfMeasure>ק"ג</UnitOfMeasure>
      <QtyInPackage>0</QtyInPackage>
      <ItemPrice>119.90</ItemPrice>
      <UnitOfMeasurePrice>119.90</UnitOfMeasurePrice>
      <AllowDiscount>1</AllowDiscount>
      <ItemStatus>1</ItemStatus>
    </Item>
    <Item>
      <PriceUpdateDate>2023-12-26 08:42</PriceUpdateDate>
      <ItemCode>7290012823381</ItemCode>
      <ItemType>1</ItemType>
      <ItemName>מרכך כביסה מקסימה סופר מרוכז 1 ל סנסטיב</ItemName>
      <ManufacturerName>לא ידוע</ManufacturerName>
      <ManufactureCountry>לא ידוע</ManufactureCountry>
      <ManufacturerItemDescription>מרכך כביסה מקסימה סו</ManufacturerItemDescription>
      <UnitQty>מיליליטרים</UnitQty>
      <Quantity>1000.00</Quantity>
      <bIsWeighted>0</bIsWeighted>
      <UnitOfMeasure>100 מ"ל</UnitOfMeasure>
      <QtyInPackage>1</QtyInPackage>
      <ItemPrice>19.90</ItemPrice>
      <UnitOfMeasurePrice>1.99</UnitOfMeasurePrice>
      <AllowDiscount>1</AllowDiscount>
      <ItemStatus>1</ItemStatus>
    </Item>
    <Item>
      <PriceUpdateDate>2024-01-18 18:32</PriceUpdateDate>
      <ItemCode>7290012823398</ItemCode>
      <ItemType>1</ItemType>
      <ItemName>מט.לחות לריצפה בניחוח מרכך כביסה רצפז 10</ItemName>
      <ManufacturerName>לא ידוע</ManufacturerName>
      <ManufactureCountry>לא ידוע</ManufactureCountry>
      <ManufacturerItemDescription>מט.לחות לריצפה בניחו</ManufacturerItemDescription>
      <UnitQty>Unknown</UnitQty>
      <Quantity>0.00</Quantity>
      <bIsWeighted>0</bIsWeighted>
      <UnitOfMeasure>Unknown</UnitOfMeasure>
      <QtyInPackage>1</QtyInPackage>
      <ItemPrice>15.40</ItemPrice>
      <UnitOfMeasurePrice>15.40</UnitOfMeasurePrice>
      <AllowDiscount>1</AllowDiscount>
      <ItemStatus>1</ItemStatus>
    </Item>
    <Item>
      <PriceUpdateDate>2023-12-26 08:36</PriceUpdateDate>
      <ItemCode>7290012823602</ItemCode>
      <ItemType>1</ItemType>
      <ItemName>נייר טואלט סופט סילק  32 גל</ItemName>
      <ManufacturerName>לא ידוע</ManufacturerName>
      <ManufactureCountry>לא ידוע</ManufactureCountry>
      <ManufacturerItemDescription>נייר טואלט סופט סילק</ManufacturerItemDescription>
      <UnitQty>מטרים</UnitQty>
      <Quantity>589.00</Quantity>
      <bIsWeighted>0</bIsWeighted>
      <UnitOfMeasure>מטר</UnitOfMeasure>
      <QtyInPackage>1</QtyInPackage>
      <ItemPrice>37.90</ItemPrice>
      <UnitOfMeasurePrice>0.06</UnitOfMeasurePrice>
      <AllowDiscount>1</AllowDiscount>
      <ItemStatus>1</ItemStatus>
    </Item>
    <Item>
      <PriceUpdateDate>2023-01-25 18:39</PriceUpdateDate>
      <ItemCode>7290012884986</ItemCode>
      <ItemType>1</ItemType>
      <ItemName>ציפס לתנור עד 4% שומן 1.5 קג</ItemName>
      <ManufacturerName>לא ידוע</ManufacturerName>
      <ManufactureCountry>לא ידוע</ManufactureCountry>
      <ManufacturerItemDescription>ציפס לתנור עד 4% שומ</ManufacturerItemDescription>
      <UnitQty>קילוגרמים</UnitQty>
      <Quantity>0.00</Quantity>
      <bIsWeighted>0</bIsWeighted>
      <UnitOfMeasure>ק"ג</UnitOfMeasure>
      <QtyInPackage>1</QtyInPackage>
      <ItemPrice>32.90</ItemPrice>
      <UnitOfMeasurePrice>32.90</UnitOfMeasurePrice>
      <AllowDiscount>1</AllowDiscount>
      <ItemStatus>1</ItemStatus>
    </Item>
    <Item>
      <PriceUpdateDate>2024-10-09 17:13</PriceUpdateDate>
      <ItemCode>7290012895005</ItemCode>
      <ItemType>1</ItemType>
      <ItemName>מסטיק גולים יוגטה 180 גר</ItemName>
      <ManufacturerName>לא ידוע</ManufacturerName>
      <ManufactureCountry>ישראל</ManufactureCountry>
      <ManufacturerItemDescription>מסטיק גולים יוגטה 18</ManufacturerItemDescription>
      <UnitQty>גרמים</UnitQty>
      <Quantity>180.00</Quantity>
      <bIsWeighted>0</bIsWeighted>
      <UnitOfMeasure>100 גרם</UnitOfMeasure>
      <QtyInPackage>1</QtyInPackage>
      <ItemPrice>10.90</ItemPrice>
      <UnitOfMeasurePrice>6.06</UnitOfMeasurePrice>
      <AllowDiscount>1</AllowDiscount>
      <ItemStatus>1</ItemStatus>
    </Item>
    <Item>
      <PriceUpdateDate>2024-01-01 09:33</PriceUpdateDate>
      <ItemCode>7290012901355</ItemCode>
      <ItemType>1</ItemType>
      <ItemName>פולד מקרוני &amp; ציז 206 גרם</ItemName>
      <ManufacturerName>לא ידוע</ManufacturerName>
      <ManufactureCountry>לא ידוע</ManufactureCountry>
      <ManufacturerItemDescription>פולד מקרוני &amp; ציז 20</ManufacturerItemDescription>
      <UnitQty>גרמים</UnitQty>
      <Quantity>206.00</Quantity>
      <bIsWeighted>0</bIsWeighted>
      <UnitOfMeasure>100 גרם</UnitOfMeasure>
      <QtyInPackage>1</QtyInPackage>
      <ItemPrice>13.90</ItemPrice>
      <UnitOfMeasurePrice>6.75</UnitOfMeasurePrice>
      <AllowDiscount>1</AllowDiscount>
      <ItemStatus>1</ItemStatus>
    </Item>
    <Item>
      <PriceUpdateDate>2023-01-18 17:14</PriceUpdateDate>
      <ItemCode>7290012901959</ItemCode>
      <ItemType>1</ItemType>
      <ItemName>אטריות עם גבינה מסולסלים 156 גרם</ItemName>
      <ManufacturerName>לא ידוע</ManufacturerName>
      <ManufactureCountry>ארה"ב</ManufactureCountry>
      <ManufacturerItemDescription>אטריות עם גבינה מסול</ManufacturerItemDescription>
      <UnitQty>גרמים</UnitQty>
      <Quantity>156.00</Quantity>
      <bIsWeighted>0</bIsWeighted>
      <UnitOfMeasure>100 גרם</UnitOfMeasure>
      <QtyInPackage>1</QtyInPackage>
      <ItemPrice>13.90</ItemPrice>
      <UnitOfMeasurePrice>8.91</UnitOfMeasurePrice>
      <AllowDiscount>1</AllowDiscount>
      <ItemStatus>1</ItemStatus>
    </Item>
    <Item>
      <PriceUpdateDate>2025-03-20 12:20</PriceUpdateDate>
      <ItemCode>7290012901966</ItemCode>
      <ItemType>1</ItemType>
      <ItemName>שעועית שחורה גאלה 400 גרם</ItemName>
      <ManufacturerName>לא ידוע</ManufacturerName>
      <ManufactureCountry>איטליה</ManufactureCountry>
      <ManufacturerItemDescription>שעועית שחורה גאלה 40</ManufacturerItemDescription>
      <UnitQty>גרמים</UnitQty>
      <Quantity>400.00</Quantity>
      <bIsWeighted>0</bIsWeighted>
      <UnitOfMeasure>100 גרם</UnitOfMeasure>
      <QtyInPackage>1</QtyInPackage>
      <ItemPrice>16.50</ItemPrice>
      <UnitOfMeasurePrice>4.13</UnitOfMeasurePrice>
      <AllowDiscount>1</AllowDiscount>
      <ItemStatus>1</ItemStatus>
    </Item>
    <Item>
      <PriceUpdateDate>2025-03-11 08:24</PriceUpdateDate>
      <ItemCode>7290012901973</ItemCode>
      <ItemType>1</ItemType>
      <ItemName>שעועית אדומה גאלה 400 גרם</ItemName>
      <ManufacturerName>לא ידוע</ManufacturerName>
      <ManufactureCountry>איטליה</ManufactureCountry>
      <ManufacturerItemDescription>שעועית אדומה גאלה 40</ManufacturerItemDescription>
      <UnitQty>גרמים</UnitQty>
      <Quantity>400.00</Quantity>
      <bIsWeighted>0</bIsWeighted>
      <UnitOfMeasure>100 גרם</UnitOfMeasure>
      <QtyInPackage>1</QtyInPackage>
      <ItemPrice>16.50</ItemPrice>
      <UnitOfMeasurePrice>4.13</UnitOfMeasurePrice>
      <AllowDiscount>1</AllowDiscount>
      <ItemStatus>1</ItemStatus>
    </Item>
    <Item>
      <PriceUpdateDate>2024-03-26 14:13</PriceUpdateDate>
      <ItemCode>7290012921063</ItemCode>
      <ItemType>1</ItemType>
      <ItemName>בירה מלכה הינדי 330 מ"ל</ItemName>
      <ManufacturerName>לא ידוע</ManufacturerName>
      <ManufactureCountry>לא ידוע</ManufactureCountry>
      <ManufacturerItemDescription>בירה מלכה הינדי 330 </ManufacturerItemDescription>
      <UnitQty>מיליליטרים</UnitQty>
      <Quantity>330.00</Quantity>
      <bIsWeighted>0</bIsWeighted>
      <UnitOfMeasure>100 מ"ל</UnitOfMeasure>
      <QtyInPackage>1</QtyInPackage>
      <ItemPrice>16.90</ItemPrice>
      <UnitOfMeasurePrice>5.12</UnitOfMeasurePrice>
      <AllowDiscount>1</AllowDiscount>
      <ItemStatus>1</ItemStatus>
    </Item>
    <Item>
      <PriceUpdateDate>2024-04-03 18:20</PriceUpdateDate>
      <ItemCode>7290012921605</ItemCode>
      <ItemType>1</ItemType>
      <ItemName>בירה מלכה חיטה 330 מ"ל פחית</ItemName>
      <ManufacturerName>לא ידוע</ManufacturerName>
      <ManufactureCountry>ישראל</ManufactureCountry>
      <ManufacturerItemDescription>בירה מלכה חיטה 330 מ</ManufacturerItemDescription>
      <UnitQty>מיליליטרים</UnitQty>
      <Quantity>330.00</Quantity>
      <bIsWeighted>0</bIsWeighted>
      <UnitOfMeasure>100 מ"ל</UnitOfMeasure>
      <QtyInPackage>1</QtyInPackage>
      <ItemPrice>16.90</ItemPrice>
      <UnitOfMeasurePrice>5.12</UnitOfMeasurePrice>
      <AllowDiscount>1</AllowDiscount>
      <ItemStatus>1</ItemStatus>
    </Item>
    <Item>
      <PriceUpdateDate>2024-03-26 14:13</PriceUpdateDate>
      <ItemCode>7290012921612</ItemCode>
      <ItemType>1</ItemType>
      <ItemName>בירה מלכה הינדי 330 מ"ל פחית</ItemName>
      <ManufacturerName>לא ידוע</ManufacturerName>
      <ManufactureCountry>ישראל</ManufactureCountry>
      <ManufacturerItemDescription>בירה מלכה הינדי 330 </ManufacturerItemDescription>
      <UnitQty>מיליליטרים</UnitQty>
      <Quantity>330.00</Quantity>
      <bIsWeighted>0</bIsWeighted>
      <UnitOfMeasure>100 מ"ל</UnitOfMeasure>
      <QtyInPackage>1</QtyInPackage>
      <ItemPrice>16.90</ItemPrice>
      <UnitOfMeasurePrice>5.12</UnitOfMeasurePrice>
      <AllowDiscount>1</AllowDiscount>
      <ItemStatus>1</ItemStatus>
    </Item>
    <Item>
      <PriceUpdateDate>2024-03-26 14:13</PriceUpdateDate>
      <ItemCode>7290012921629</ItemCode>
      <ItemType>1</ItemType>
      <ItemName>בבירה מלכה בהירה 330 מ"ל פחית</ItemName>
      <ManufacturerName>לא ידוע</ManufacturerName>
      <ManufactureCountry>ישראל</ManufactureCountry>
      <ManufacturerItemDescription>בבירה מלכה בהירה 330</ManufacturerItemDescription>
      <UnitQty>מיליליטרים</UnitQty>
      <Quantity>330.00</Quantity>
      <bIsWeighted>0</bIsWeighted>
      <UnitOfMeasure>100 מ"ל</UnitOfMeasure>
      <QtyInPackage>1</QtyInPackage>
      <ItemPrice>16.90</ItemPrice>
      <UnitOfMeasurePrice>5.12</UnitOfMeasurePrice>
      <AllowDiscount>1</AllowDiscount>
      <ItemStatus>1</ItemStatus>
    </Item>
    <Item>
      <PriceUpdateDate>2025-03-25 07:06</PriceUpdateDate>
      <ItemCode>7290012936906</ItemCode>
      <ItemType>1</ItemType>
      <ItemName>תבלינים ציפורן שלם בצנצנות  25 גרם</ItemName>
      <ManufacturerName>לא ידוע</ManufacturerName>
      <ManufactureCountry>IL</ManufactureCountry>
      <ManufacturerItemDescription>תבלינים ציפורן שלם ב</ManufacturerItemDescription>
      <UnitQty>גרמים</UnitQty>
      <Quantity>25.00</Quantity>
      <bIsWeighted>0</bIsWeighted>
      <UnitOfMeasure>100 גרם</UnitOfMeasure>
      <QtyInPackage>1</QtyInPackage>
      <ItemPrice>21.90</ItemPrice>
      <UnitOfMeasurePrice>87.60</UnitOfMeasurePrice>
      <AllowDiscount>1</AllowDiscount>
      <ItemStatus>1</ItemStatus>
    </Item>
    <Item>
      <PriceUpdateDate>2025-03-11 08:18</PriceUpdateDate>
      <ItemCode>7290012936913</ItemCode>
      <ItemType>1</ItemType>
      <ItemName>תבלינים סומק בצנצנת 40 גרם</ItemName>
      <ManufacturerName>לא ידוע</ManufacturerName>
      <ManufactureCountry>IL</ManufactureCountry>
      <ManufacturerItemDescription>תבלינים סומק בצנצנת </ManufacturerItemDescription>
      <UnitQty>גרמים</UnitQty>
      <Quantity>40.00</Quantity>
      <bIsWeighted>0</bIsWeighted>
      <UnitOfMeasure>100 גרם</UnitOfMeasure>
      <QtyInPackage>1</QtyInPackage>
      <ItemPrice>15.50</ItemPrice>
      <UnitOfMeasurePrice>38.75</UnitOfMeasurePrice>
      <AllowDiscount>1</AllowDiscount>
      <ItemStatus>1</ItemStatus>
    </Item>
    <Item>
      <PriceUpdateDate>2025-03-25 07:05</PriceUpdateDate>
      <ItemCode>7290012936944</ItemCode>
      <ItemType>1</ItemType>
      <ItemName>תבלינים אגוז מוסקט טחון 40 גרם</ItemName>
      <ManufacturerName>לא ידוע</ManufacturerName>
      <ManufactureCountry>IL</ManufactureCountry>
      <ManufacturerItemDescription>תבלינים אגוז מוסקט ט</ManufacturerItemDescription>
      <UnitQty>גרמים</UnitQty>
      <Quantity>40.00</Quantity>
      <bIsWeighted>0</bIsWeighted>
      <UnitOfMeasure>100 גרם</UnitOfMeasure>
      <QtyInPackage>1</QtyInPackage>
      <ItemPrice>21.90</ItemPrice>
      <UnitOfMeasurePrice>54.75</UnitOfMeasurePrice>
      <AllowDiscount>1</AllowDiscount>
      <ItemStatus>1</ItemStatus>
    </Item>
    <Item>
      <PriceUpdateDate>2023-07-03 19:44</PriceUpdateDate>
      <ItemCode>7290012938580</ItemCode>
      <ItemType>1</ItemType>
      <ItemName>סנסודיין משחת שיניים</ItemName>
      <ManufacturerName>לא ידוע</ManufacturerName>
      <ManufactureCountry>לא ידוע</ManufactureCountry>
      <ManufacturerItemDescription>סנסודיין משחת שיניים</ManufacturerItemDescription>
      <UnitQty>Unknown</UnitQty>
      <Quantity>0.00</Quantity>
      <bIsWeighted>0</bIsWeighted>
      <UnitOfMeasure>Unknown</UnitOfMeasure>
      <QtyInPackage>1</QtyInPackage>
      <ItemPrice>24.90</ItemPrice>
      <UnitOfMeasurePrice>24.90</UnitOfMeasurePrice>
      <AllowDiscount>1</AllowDiscount>
      <ItemStatus>1</ItemStatus>
    </Item>
    <Item>
      <PriceUpdateDate>2024-12-01 09:23</PriceUpdateDate>
      <ItemCode>7290012958014</ItemCode>
      <ItemType>1</ItemType>
      <ItemName>ביצי דגים 113 גר זכוכית</ItemName>
      <ManufacturerName>לא ידוע</ManufacturerName>
      <ManufactureCountry>לא ידוע</ManufactureCountry>
      <ManufacturerItemDescription>ביצי דגים 113 גר זכו</ManufacturerItemDescription>
      <UnitQty>גרמים</UnitQty>
      <Quantity>113.00</Quantity>
      <bIsWeighted>0</bIsWeighted>
      <UnitOfMeasure>100 גרם</UnitOfMeasure>
      <QtyInPackage>1</QtyInPackage>
      <ItemPrice>65.90</ItemPrice>
      <UnitOfMeasurePrice>58.32</UnitOfMeasurePrice>
      <AllowDiscount>1</AllowDiscount>
      <ItemStatus>1</ItemStatus>
    </Item>
    <Item>
      <PriceUpdateDate>2024-12-01 09:23</PriceUpdateDate>
      <ItemCode>7290012958052</ItemCode>
      <ItemType>1</ItemType>
      <ItemName>ביצי דגים 250 גר בזכוכית</ItemName>
      <ManufacturerName>לא ידוע</ManufacturerName>
      <ManufactureCountry>לא ידוע</ManufactureCountry>
      <ManufacturerItemDescription>ביצי דגים 250 גר    </ManufacturerItemDescription>
      <UnitQty>גרמים</UnitQty>
      <Quantity>250.00</Quantity>
      <bIsWeighted>0</bIsWeighted>
      <UnitOfMeasure>100 גרם</UnitOfMeasure>
      <QtyInPackage>1</QtyInPackage>
      <ItemPrice>159.90</ItemPrice>
      <UnitOfMeasurePrice>63.96</UnitOfMeasurePrice>
      <AllowDiscount>1</AllowDiscount>
      <ItemStatus>1</ItemStatus>
    </Item>
    <Item>
      <PriceUpdateDate>2025-06-04 19:02</PriceUpdateDate>
      <ItemCode>7290012958106</ItemCode>
      <ItemType>1</ItemType>
      <ItemName>ביצי דג אדום בצנצנת 200 גרם</ItemName>
      <ManufacturerName>לא ידוע</ManufacturerName>
      <ManufactureCountry>ישראל</ManufactureCountry>
      <ManufacturerItemDescription>ביצי דג אדום בצנצנת </ManufacturerItemDescription>
      <UnitQty>גרמים</UnitQty>
      <Quantity>200.00</Quantity>
      <bIsWeighted>0</bIsWeighted>
      <UnitOfMeasure>100 גרם</UnitOfMeasure>
      <QtyInPackage>1</QtyInPackage>
      <ItemPrice>149.90</ItemPrice>
      <UnitOfMeasurePrice>74.95</UnitOfMeasurePrice>
      <AllowDiscount>1</AllowDiscount>
      <ItemStatus>1</ItemStatus>
    </Item>
    <Item>
      <PriceUpdateDate>2024-12-01 14:44</PriceUpdateDate>
      <ItemCode>7290012983153</ItemCode>
      <ItemType>1</ItemType>
      <ItemName>סילאן טבעי בקבוק לחיץ תמר כנרת 400 גר</ItemName>
      <ManufacturerName>לא ידוע</ManufacturerName>
      <ManufactureCountry />
      <ManufacturerItemDescription>סילאן טבעי בקבוק לחי</ManufacturerItemDescription>
      <UnitQty>גרמים</UnitQty>
      <Quantity>400.00</Quantity>
      <bIsWeighted>0</bIsWeighted>
      <UnitOfMeasure>100 גרם</UnitOfMeasure>
      <QtyInPackage>1</QtyInPackage>
      <ItemPrice>22.90</ItemPrice>
      <UnitOfMeasurePrice>5.73</UnitOfMeasurePrice>
      <AllowDiscount>1</AllowDiscount>
      <ItemStatus>1</ItemStatus>
    </Item>
    <Item>
      <PriceUpdateDate>2025-03-14 17:56</PriceUpdateDate>
      <ItemCode>7290013117410</ItemCode>
      <ItemType>1</ItemType>
      <ItemName>בצק פריך מתוק 900 גר מעדנות</ItemName>
      <ManufacturerName>לא ידוע</ManufacturerName>
      <ManufactureCountry>לא ידוע</ManufactureCountry>
      <ManufacturerItemDescription>בצק פריך מתוק 900 גר</ManufacturerItemDescription>
      <UnitQty>גרמים</UnitQty>
      <Quantity>900.00</Quantity>
      <bIsWeighted>0</bIsWeighted>
      <UnitOfMeasure>100 גרם</UnitOfMeasure>
      <QtyInPackage>1</QtyInPackage>
      <ItemPrice>34.90</ItemPrice>
      <UnitOfMeasurePrice>3.88</UnitOfMeasurePrice>
      <AllowDiscount>1</AllowDiscount>
      <ItemStatus>1</ItemStatus>
    </Item>
    <Item>
      <PriceUpdateDate>2025-03-14 17:56</PriceUpdateDate>
      <ItemCode>7290013117427</ItemCode>
      <ItemType>1</ItemType>
      <ItemName>בצק פריך מלוח 900 גר מעדנות</ItemName>
      <ManufacturerName>לא ידוע</ManufacturerName>
      <ManufactureCountry>לא ידוע</ManufactureCountry>
      <ManufacturerItemDescription>בצק פריך מלוח 900 גר</ManufacturerItemDescription>
      <UnitQty>גרמים</UnitQty>
      <Quantity>900.00</Quantity>
      <bIsWeighted>0</bIsWeighted>
      <UnitOfMeasure>100 גרם</UnitOfMeasure>
      <QtyInPackage>1</QtyInPackage>
      <ItemPrice>34.90</ItemPrice>
      <UnitOfMeasurePrice>3.88</UnitOfMeasurePrice>
      <AllowDiscount>1</AllowDiscount>
      <ItemStatus>1</ItemStatus>
    </Item>
    <Item>
      <PriceUpdateDate>2025-03-11 08:10</PriceUpdateDate>
      <ItemCode>7290013144171</ItemCode>
      <ItemType>1</ItemType>
      <ItemName>תערובת עוגת שוקולד 425 גרם</ItemName>
      <ManufacturerName>לא ידוע</ManufacturerName>
      <ManufactureCountry>ישראל</ManufactureCountry>
      <ManufacturerItemDescription>תערובת עוגת שוקולד 4</ManufacturerItemDescription>
      <UnitQty>גרמים</UnitQty>
      <Quantity>425.00</Quantity>
      <bIsWeighted>0</bIsWeighted>
      <UnitOfMeasure>100 גרם</UnitOfMeasure>
      <QtyInPackage>1</QtyInPackage>
      <ItemPrice>25.90</ItemPrice>
      <UnitOfMeasurePrice>6.09</UnitOfMeasurePrice>
      <AllowDiscount>1</AllowDiscount>
      <ItemStatus>1</ItemStatus>
    </Item>
    <Item>
      <PriceUpdateDate>2025-03-11 08:18</PriceUpdateDate>
      <ItemCode>7290013144218</ItemCode>
      <ItemType>1</ItemType>
      <ItemName>תערובת עוגת וניל 425 גרם</ItemName>
      <ManufacturerName>לא ידוע</ManufacturerName>
      <ManufactureCountry>ישראל</ManufactureCountry>
      <ManufacturerItemDescription>תערובת עוגת וניל 425</ManufacturerItemDescription>
      <UnitQty>גרמים</UnitQty>
      <Quantity>425.00</Quantity>
      <bIsWeighted>0</bIsWeighted>
      <UnitOfMeasure>100 גרם</UnitOfMeasure>
      <QtyInPackage>1</QtyInPackage>
      <ItemPrice>25.90</ItemPrice>
      <UnitOfMeasurePrice>6.09</UnitOfMeasurePrice>
      <AllowDiscount>1</AllowDiscount>
      <ItemStatus>1</ItemStatus>
    </Item>
    <Item>
      <PriceUpdateDate>2021-05-05 14:50</PriceUpdateDate>
      <ItemCode>7290013144393</ItemCode>
      <ItemType>1</ItemType>
      <ItemName>תמצית וניל 50 מ"ל</ItemName>
      <ManufacturerName>לא ידוע</ManufacturerName>
      <ManufactureCountry>IL</ManufactureCountry>
      <ManufacturerItemDescription>תמצית וניל 50 מ"ל   </ManufacturerItemDescription>
      <UnitQty>מיליליטרים</UnitQty>
      <Quantity>50.00</Quantity>
      <bIsWeighted>0</bIsWeighted>
      <UnitOfMeasure>100 מ"ל</UnitOfMeasure>
      <QtyInPackage>1</QtyInPackage>
      <ItemPrice>5.50</ItemPrice>
      <UnitOfMeasurePrice>11.00</UnitOfMeasurePrice>
      <AllowDiscount>1</AllowDiscount>
      <ItemStatus>1</ItemStatus>
    </Item>
    <Item>
      <PriceUpdateDate>2021-05-05 14:50</PriceUpdateDate>
      <ItemCode>7290013144409</ItemCode>
      <ItemType>1</ItemType>
      <ItemName>תמצית רום 50 מ"ל</ItemName>
      <ManufacturerName>לא ידוע</ManufacturerName>
      <ManufactureCountry>IL</ManufactureCountry>
      <ManufacturerItemDescription>תמצית רום 50 מ"ל    </ManufacturerItemDescription>
      <UnitQty>מיליליטרים</UnitQty>
      <Quantity>50.00</Quantity>
      <bIsWeighted>0</bIsWeighted>
      <UnitOfMeasure>100 מ"ל</UnitOfMeasure>
      <QtyInPackage>1</QtyInPackage>
      <ItemPrice>5.50</ItemPrice>
      <UnitOfMeasurePrice>11.00</UnitOfMeasurePrice>
      <AllowDiscount>1</AllowDiscount>
      <ItemStatus>1</ItemStatus>
    </Item>
    <Item>
      <PriceUpdateDate>2023-12-26 14:52</PriceUpdateDate>
      <ItemCode>7290013144508</ItemCode>
      <ItemType>1</ItemType>
      <ItemName>תמצית ורדים 50 מ"ל</ItemName>
      <ManufacturerName>לא ידוע</ManufacturerName>
      <ManufactureCountry>IL</ManufactureCountry>
      <ManufacturerItemDescription>תמצית ורדים 50 מ"ל  </ManufacturerItemDescription>
      <UnitQty>מיליליטרים</UnitQty>
      <Quantity>50.00</Quantity>
      <bIsWeighted>0</bIsWeighted>
      <UnitOfMeasure>100 מ"ל</UnitOfMeasure>
      <QtyInPackage>1</QtyInPackage>
      <ItemPrice>12.50</ItemPrice>
      <UnitOfMeasurePrice>25.00</UnitOfMeasurePrice>
      <AllowDiscount>1</AllowDiscount>
      <ItemStatus>1</ItemStatus>
    </Item>
    <Item>
      <PriceUpdateDate>2025-09-16 12:36</PriceUpdateDate>
      <ItemCode>7290013144522</ItemCode>
      <ItemType>1</ItemType>
      <ItemName>צבע מאכל ירוק 50 מ"ל</ItemName>
      <ManufacturerName>לא ידוע</ManufacturerName>
      <ManufactureCountry>IL</ManufactureCountry>
      <ManufacturerItemDescription>צבע מאכל ירוק 50 מ"ל</ManufacturerItemDescription>
      <UnitQty>מיליליטרים</UnitQty>
      <Quantity>50.00</Quantity>
      <bIsWeighted>0</bIsWeighted>
      <UnitOfMeasure>100 מ"ל</UnitOfMeasure>
      <QtyInPackage>1</QtyInPackage>
      <ItemPrice>5.90</ItemPrice>
      <UnitOfMeasurePrice>11.80</UnitOfMeasurePrice>
      <AllowDiscount>1</AllowDiscount>
      <ItemStatus>1</ItemStatus>
    </Item>
    <Item>
      <PriceUpdateDate>2025-09-16 12:37</PriceUpdateDate>
      <ItemCode>7290013144539</ItemCode>
      <ItemType>1</ItemType>
      <ItemName>צבע מאכל אדום 50 מ"ל</ItemName>
      <ManufacturerName>לא ידוע</ManufacturerName>
      <ManufactureCountry>IL</ManufactureCountry>
      <ManufacturerItemDescription>צבע מאכל אדום 50 מ"ל</ManufacturerItemDescription>
      <UnitQty>מיליליטרים</UnitQty>
      <Quantity>50.00</Quantity>
      <bIsWeighted>0</bIsWeighted>
      <UnitOfMeasure>100 מ"ל</UnitOfMeasure>
      <QtyInPackage>1</QtyInPackage>
      <ItemPrice>5.90</ItemPrice>
      <UnitOfMeasurePrice>11.80</UnitOfMeasurePrice>
      <AllowDiscount>1</AllowDiscount>
      <ItemStatus>1</ItemStatus>
    </Item>
    <Item>
      <PriceUpdateDate>2025-09-16 12:36</PriceUpdateDate>
      <ItemCode>7290013144560</ItemCode>
      <ItemType>1</ItemType>
      <ItemName>צבע מאכל כחול 50 מ"ל</ItemName>
      <ManufacturerName>לא ידוע</ManufacturerName>
      <ManufactureCountry>IL</ManufactureCountry>
      <ManufacturerItemDescription>צבע מאכל כחול 50 מ"ל</ManufacturerItemDescription>
      <UnitQty>מיליליטרים</UnitQty>
      <Quantity>50.00</Quantity>
      <bIsWeighted>0</bIsWeighted>
      <UnitOfMeasure>100 מ"ל</UnitOfMeasure>
      <QtyInPackage>1</QtyInPackage>
      <ItemPrice>5.90</ItemPrice>
      <UnitOfMeasurePrice>11.80</UnitOfMeasurePrice>
      <AllowDiscount>1</AllowDiscount>
      <ItemStatus>1</ItemStatus>
    </Item>
    <Item>
      <PriceUpdateDate>2025-03-25 07:05</PriceUpdateDate>
      <ItemCode>7290013145048</ItemCode>
      <ItemType>1</ItemType>
      <ItemName>צנוברים 100 גר</ItemName>
      <ManufacturerName>לא ידוע</ManufacturerName>
      <ManufactureCountry>IL</ManufactureCountry>
      <ManufacturerItemDescription>צנוברים 100 גר      </ManufacturerItemDescription>
      <UnitQty>גרמים</UnitQty>
      <Quantity>100.00</Quantity>
      <bIsWeighted>0</bIsWeighted>
      <UnitOfMeasure>100 גרם</UnitOfMeasure>
      <QtyInPackage>1</QtyInPackage>
      <ItemPrice>47.50</ItemPrice>
      <UnitOfMeasurePrice>47.50</UnitOfMeasurePrice>
      <AllowDiscount>1</AllowDiscount>
      <ItemStatus>1</ItemStatus>
    </Item>
    <Item>
      <PriceUpdateDate>2025-06-06 05:56</PriceUpdateDate>
      <ItemCode>7290013145055</ItemCode>
      <ItemType>1</ItemType>
      <ItemName>פרג שלם 100 גר</ItemName>
      <ManufacturerName>לא ידוע</ManufacturerName>
      <ManufactureCountry>IL</ManufactureCountry>
      <ManufacturerItemDescription>פרג שלם 100 גר      </ManufacturerItemDescription>
      <UnitQty>גרמים</UnitQty>
      <Quantity>100.00</Quantity>
      <bIsWeighted>0</bIsWeighted>
      <UnitOfMeasure>100 גרם</UnitOfMeasure>
      <QtyInPackage>1</QtyInPackage>
      <ItemPrice>8.50</ItemPrice>
      <UnitOfMeasurePrice>8.50</UnitOfMeasurePrice>
      <AllowDiscount>1</AllowDiscount>
      <ItemStatus>1</ItemStatus>
    </Item>
    <Item>
      <PriceUpdateDate>2025-03-25 06:54</PriceUpdateDate>
      <ItemCode>7290013145109</ItemCode>
      <ItemType>1</ItemType>
      <ItemName>שקד מולבן טחון 100 גר</ItemName>
      <ManufacturerName>לא ידוע</ManufacturerName>
      <ManufactureCountry>IL</ManufactureCountry>
      <ManufacturerItemDescription>שקד מולבן טחון 100 ג</ManufacturerItemDescription>
      <UnitQty>גרמים</UnitQty>
      <Quantity>100.00</Quantity>
      <bIsWeighted>0</bIsWeighted>
      <UnitOfMeasure>100 גרם</UnitOfMeasure>
      <QtyInPackage>1</QtyInPackage>
      <ItemPrice>19.90</ItemPrice>
      <UnitOfMeasurePrice>19.90</UnitOfMeasurePrice>
      <AllowDiscount>1</AllowDiscount>
      <ItemStatus>1</ItemStatus>
    </Item>
    <Item>
      <PriceUpdateDate>2025-03-25 06:55</PriceUpdateDate>
      <ItemCode>7290013145123</ItemCode>
      <ItemType>1</ItemType>
      <ItemName>שקד מולבן פרוס 100 גר</ItemName>
      <ManufacturerName>לא ידוע</ManufacturerName>
      <ManufactureCountry>IL</ManufactureCountry>
      <ManufacturerItemDescription>שקד מולבן פרוס 100 ג</ManufacturerItemDescription>
      <UnitQty>גרמים</UnitQty>
      <Quantity>100.00</Quantity>
      <bIsWeighted>0</bIsWeighted>
      <UnitOfMeasure>100 גרם</UnitOfMeasure>
      <QtyInPackage>1</QtyInPackage>
      <ItemPrice>19.90</ItemPrice>
      <UnitOfMeasurePrice>19.90</UnitOfMeasurePrice>
      <AllowDiscount>1</AllowDiscount>
      <ItemStatus>1</ItemStatus>
    </Item>
    <Item>
      <PriceUpdateDate>2025-03-25 07:07</PriceUpdateDate>
      <ItemCode>7290013145130</ItemCode>
      <ItemType>1</ItemType>
      <ItemName>שקד מולבן חצוי 100 גר</ItemName>
      <ManufacturerName>לא ידוע</ManufacturerName>
      <ManufactureCountry>IL</ManufactureCountry>
      <ManufacturerItemDescription>שקד מולבן חצוי 100 ג</ManufacturerItemDescription>
      <UnitQty>גרמים</UnitQty>
      <Quantity>100.00</Quantity>
      <bIsWeighted>0</bIsWeighted>
      <UnitOfMeasure>100 גרם</UnitOfMeasure>
      <QtyInPackage>1</QtyInPackage>
      <ItemPrice>19.90</ItemPrice>
      <UnitOfMeasurePrice>19.90</UnitOfMeasurePrice>
      <AllowDiscount>1</AllowDiscount>
      <ItemStatus>1</ItemStatus>
    </Item>
    <Item>
      <PriceUpdateDate>2025-03-25 07:06</PriceUpdateDate>
      <ItemCode>7290013145178</ItemCode>
      <ItemType>1</ItemType>
      <ItemName>קוקוס טחון לבן 100 גר</ItemName>
      <ManufacturerName>לא ידוע</ManufacturerName>
      <ManufactureCountry>IL</ManufactureCountry>
      <ManufacturerItemDescription>קוקוס טחון לבן 100 ג</ManufacturerItemDescription>
      <UnitQty>גרמים</UnitQty>
      <Quantity>100.00</Quantity>
      <bIsWeighted>0</bIsWeighted>
      <UnitOfMeasure>100 גרם</UnitOfMeasure>
      <QtyInPackage>1</QtyInPackage>
      <ItemPrice>6.90</ItemPrice>
      <UnitOfMeasurePrice>6.90</UnitOfMeasurePrice>
      <AllowDiscount>1</AllowDiscount>
      <ItemStatus>1</ItemStatus>
    </Item>
    <Item>
      <PriceUpdateDate>2025-03-25 07:06</PriceUpdateDate>
      <ItemCode>7290013145192</ItemCode>
      <ItemType>1</ItemType>
      <ItemName>שומשום 100 גר</ItemName>
      <ManufacturerName>לא ידוע</ManufacturerName>
      <ManufactureCountry>IL</ManufactureCountry>
      <ManufacturerItemDescription>שומשום 100 גר       </ManufacturerItemDescription>
      <UnitQty>גרמים</UnitQty>
      <Quantity>100.00</Quantity>
      <bIsWeighted>0</bIsWeighted>
      <UnitOfMeasure>100 גרם</UnitOfMeasure>
      <QtyInPackage>1</QtyInPackage>
      <ItemPrice>7.50</ItemPrice>
      <UnitOfMeasurePrice>7.50</UnitOfMeasurePrice>
      <AllowDiscount>1</AllowDiscount>
      <ItemStatus>1</ItemStatus>
    </Item>
    <Item>
      <PriceUpdateDate>2025-03-25 07:08</PriceUpdateDate>
      <ItemCode>7290013145215</ItemCode>
      <ItemType>1</ItemType>
      <ItemName>שומשום 400 גר</ItemName>
      <ManufacturerName>לא ידוע</ManufacturerName>
      <ManufactureCountry>IL</ManufactureCountry>
      <ManufacturerItemDescription>שומשום 400 גר       </ManufacturerItemDescription>
      <UnitQty>גרמים</UnitQty>
      <Quantity>400.00</Quantity>
      <bIsWeighted>0</bIsWeighted>
      <UnitOfMeasure>100 גרם</UnitOfMeasure>
      <QtyInPackage>1</QtyInPackage>
      <ItemPrice>25.90</ItemPrice>
      <UnitOfMeasurePrice>6.48</UnitOfMeasurePrice>
      <AllowDiscount>1</AllowDiscount>
      <ItemStatus>1</ItemStatus>
    </Item>
    <Item>
      <PriceUpdateDate>2025-03-25 07:05</PriceUpdateDate>
      <ItemCode>7290013145390</ItemCode>
      <ItemType>1</ItemType>
      <ItemName>שוקולד ציפס 250 גר</ItemName>
      <ManufacturerName>לא ידוע</ManufacturerName>
      <ManufactureCountry>IL</ManufactureCountry>
      <ManufacturerItemDescription>שוקולד ציפס 250 גר  </ManufacturerItemDescription>
      <UnitQty>גרמים</UnitQty>
      <Quantity>250.00</Quantity>
      <bIsWeighted>0</bIsWeighted>
      <UnitOfMeasure>100 גרם</UnitOfMeasure>
      <QtyInPackage>1</QtyInPackage>
      <ItemPrice>17.50</ItemPrice>
      <UnitOfMeasurePrice>7.00</UnitOfMeasurePrice>
      <AllowDiscount>1</AllowDiscount>
      <ItemStatus>1</ItemStatus>
    </Item>
    <Item>
      <PriceUpdateDate>2025-03-20 12:21</PriceUpdateDate>
      <ItemCode>7290013145529</ItemCode>
      <ItemType>1</ItemType>
      <ItemName>סוכריות צבעוניות לקישוט 90 גר</ItemName>
      <ManufacturerName>לא ידוע</ManufacturerName>
      <ManufactureCountry>IL</ManufactureCountry>
      <ManufacturerItemDescription>סוכריות צבעוניות לקי</ManufacturerItemDescription>
      <UnitQty>גרמים</UnitQty>
      <Quantity>90.00</Quantity>
      <bIsWeighted>0</bIsWeighted>
      <UnitOfMeasure>100 גרם</UnitOfMeasure>
      <QtyInPackage>1</QtyInPackage>
      <ItemPrice>8.80</ItemPrice>
      <UnitOfMeasurePrice>9.78</UnitOfMeasurePrice>
      <AllowDiscount>1</AllowDiscount>
      <ItemStatus>1</ItemStatus>
    </Item>
    <Item>
      <PriceUpdateDate>2025-03-25 07:06</PriceUpdateDate>
      <ItemCode>7290013145567</ItemCode>
      <ItemType>1</ItemType>
      <ItemName>מיני מיני עדשים 90 גר</ItemName>
      <ManufacturerName>לא ידוע</ManufacturerName>
      <ManufactureCountry>IL</ManufactureCountry>
      <ManufacturerItemDescription>מיני מיני עדשים 90 ג</ManufacturerItemDescription>
      <UnitQty>גרמים</UnitQty>
      <Quantity>90.00</Quantity>
      <bIsWeighted>0</bIsWeighted>
      <UnitOfMeasure>100 גרם</UnitOfMeasure>
      <QtyInPackage>1</QtyInPackage>
      <ItemPrice>16.50</ItemPrice>
      <UnitOfMeasurePrice>18.33</UnitOfMeasurePrice>
      <AllowDiscount>1</AllowDiscount>
      <ItemStatus>1</ItemStatus>
    </Item>
    <Item>
      <PriceUpdateDate>2025-09-16 12:36</PriceUpdateDate>
      <ItemCode>7290013145574</ItemCode>
      <ItemType>1</ItemType>
      <ItemName>ערכה לקישוט 100 גר</ItemName>
      <ManufacturerName>לא ידוע</ManufacturerName>
      <ManufactureCountry>IL</ManufactureCountry>
      <ManufacturerItemDescription>ערכה לקישוט 100 גר  </ManufacturerItemDescription>
      <UnitQty>גרמים</UnitQty>
      <Quantity>100.00</Quantity>
      <bIsWeighted>0</bIsWeighted>
      <UnitOfMeasure>100 גרם</UnitOfMeasure>
      <QtyInPackage>1</QtyInPackage>
      <ItemPrice>16.90</ItemPrice>
      <UnitOfMeasurePrice>16.90</UnitOfMeasurePrice>
      <AllowDiscount>1</AllowDiscount>
      <ItemStatus>1</ItemStatus>
    </Item>
    <Item>
      <PriceUpdateDate>2025-03-25 07:09</PriceUpdateDate>
      <ItemCode>7290013145628</ItemCode>
      <ItemType>1</ItemType>
      <ItemName>סוכריות צבעוניות 200 גרם</ItemName>
      <ManufacturerName>לא ידוע</ManufacturerName>
      <ManufactureCountry>IL</ManufactureCountry>
      <ManufacturerItemDescription>סוכריות צבעוניות 200</ManufacturerItemDescription>
      <UnitQty>גרמים</UnitQty>
      <Quantity>200.00</Quantity>
      <bIsWeighted>0</bIsWeighted>
      <UnitOfMeasure>100 גרם</UnitOfMeasure>
      <QtyInPackage>1</QtyInPackage>
      <ItemPrice>14.20</ItemPrice>
      <UnitOfMeasurePrice>7.10</UnitOfMeasurePrice>
      <AllowDiscount>1</AllowDiscount>
      <ItemStatus>1</ItemStatus>
    </Item>
    <Item>
      <PriceUpdateDate>2025-03-11 08:06</PriceUpdateDate>
      <ItemCode>7290013145642</ItemCode>
      <ItemType>1</ItemType>
      <ItemName>תמצית וניל טהור 30 מ"ל</ItemName>
      <ManufacturerName>לא ידוע</ManufacturerName>
      <ManufactureCountry />
      <ManufacturerItemDescription>תמצית וניל טהור 30 מ</ManufacturerItemDescription>
      <UnitQty>מיליליטרים</UnitQty>
      <Quantity>30.00</Quantity>
      <bIsWeighted>0</bIsWeighted>
      <UnitOfMeasure>100 מ"ל</UnitOfMeasure>
      <QtyInPackage>1</QtyInPackage>
      <ItemPrice>37.90</ItemPrice>
      <UnitOfMeasurePrice>126.33</UnitOfMeasurePrice>
      <AllowDiscount>1</AllowDiscount>
      <ItemStatus>1</ItemStatus>
    </Item>
    <Item>
      <PriceUpdateDate>2024-12-02 15:19</PriceUpdateDate>
      <ItemCode>7290013145840</ItemCode>
      <ItemType>1</ItemType>
      <ItemName>סוכר וניל 10 יח בצלופן</ItemName>
      <ManufacturerName>לא ידוע</ManufacturerName>
      <ManufactureCountry>IL</ManufactureCountry>
      <ManufacturerItemDescription>סוכר וניל 10 יחידות </ManufacturerItemDescription>
      <UnitQty>גרמים</UnitQty>
      <Quantity>90.00</Quantity>
      <bIsWeighted>0</bIsWeighted>
      <UnitOfMeasure>100 גרם</UnitOfMeasure>
      <QtyInPackage>1</QtyInPackage>
      <ItemPrice>3.70</ItemPrice>
      <UnitOfMeasurePrice>4.11</UnitOfMeasurePrice>
      <AllowDiscount>1</AllowDiscount>
      <ItemStatus>1</ItemStatus>
    </Item>
    <Item>
      <PriceUpdateDate>2024-12-02 15:19</PriceUpdateDate>
      <ItemCode>7290013145857</ItemCode>
      <ItemType>1</ItemType>
      <ItemName>אבקת אפיה 10 יח בצלופן</ItemName>
      <ManufacturerName>לא ידוע</ManufacturerName>
      <ManufactureCountry>IL</ManufactureCountry>
      <ManufacturerItemDescription>אבקת אפיה 10 יחידות </ManufacturerItemDescription>
      <UnitQty>גרמים</UnitQty>
      <Quantity>100.00</Quantity>
      <bIsWeighted>0</bIsWeighted>
      <UnitOfMeasure>100 גרם</UnitOfMeasure>
      <QtyInPackage>1</QtyInPackage>
      <ItemPrice>3.70</ItemPrice>
      <UnitOfMeasurePrice>3.70</UnitOfMeasurePrice>
      <AllowDiscount>1</AllowDiscount>
      <ItemStatus>1</ItemStatus>
    </Item>
    <Item>
      <PriceUpdateDate>2025-03-25 07:08</PriceUpdateDate>
      <ItemCode>7290013145864</ItemCode>
      <ItemType>1</ItemType>
      <ItemName>גלטין טהור אבקה 28 גר</ItemName>
      <ManufacturerName>לא ידוע</ManufacturerName>
      <ManufactureCountry>IL</ManufactureCountry>
      <ManufacturerItemDescription>גלטין טהור אבקה 28 ג</ManufacturerItemDescription>
      <UnitQty>גרמים</UnitQty>
      <Quantity>28.00</Quantity>
      <bIsWeighted>0</bIsWeighted>
      <UnitOfMeasure>100 גרם</UnitOfMeasure>
      <QtyInPackage>1</QtyInPackage>
      <ItemPrice>15.50</ItemPrice>
      <UnitOfMeasurePrice>55.36</UnitOfMeasurePrice>
      <AllowDiscount>1</AllowDiscount>
      <ItemStatus>1</ItemStatus>
    </Item>
    <Item>
      <PriceUpdateDate>2024-12-02 15:20</PriceUpdateDate>
      <ItemCode>7290013145901</ItemCode>
      <ItemType>1</ItemType>
      <ItemName>סודה לשתיה 100 גר</ItemName>
      <ManufacturerName>לא ידוע</ManufacturerName>
      <ManufactureCountry>IL</ManufactureCountry>
      <ManufacturerItemDescription>סודה לשתיה 100 גרם  </ManufacturerItemDescription>
      <UnitQty>גרמים</UnitQty>
      <Quantity>100.00</Quantity>
      <bIsWeighted>0</bIsWeighted>
      <UnitOfMeasure>100 גרם</UnitOfMeasure>
      <QtyInPackage>1</QtyInPackage>
      <ItemPrice>2.50</ItemPrice>
      <UnitOfMeasurePrice>2.50</UnitOfMeasurePrice>
      <AllowDiscount>1</AllowDiscount>
      <ItemStatus>1</ItemStatus>
    </Item>
    <Item>
      <PriceUpdateDate>2024-12-02 15:19</PriceUpdateDate>
      <ItemCode>7290013145918</ItemCode>
      <ItemType>1</ItemType>
      <ItemName>אבקת סוכר 100 גר</ItemName>
      <ManufacturerName>לא ידוע</ManufacturerName>
      <ManufactureCountry>IL</ManufactureCountry>
      <ManufacturerItemDescription>אבקת סוכר 100 גרם   </ManufacturerItemDescription>
      <UnitQty>גרמים</UnitQty>
      <Quantity>100.00</Quantity>
      <bIsWeighted>0</bIsWeighted>
      <UnitOfMeasure>100 גרם</UnitOfMeasure>
      <QtyInPackage>1</QtyInPackage>
      <ItemPrice>3.30</ItemPrice>
      <UnitOfMeasurePrice>3.30</UnitOfMeasurePrice>
      <AllowDiscount>1</AllowDiscount>
      <ItemStatus>1</ItemStatus>
    </Item>
    <Item>
      <PriceUpdateDate>2025-03-20 12:20</PriceUpdateDate>
      <ItemCode>7290013145963</ItemCode>
      <ItemType>1</ItemType>
      <ItemName>שמרים יבשים בואקום 125 גרם</ItemName>
      <ManufacturerName>לא ידוע</ManufacturerName>
      <ManufactureCountry>IL</ManufactureCountry>
      <ManufacturerItemDescription>שמרים יבשים בואקום  </ManufacturerItemDescription>
      <UnitQty>גרמים</UnitQty>
      <Quantity>125.00</Quantity>
      <bIsWeighted>0</bIsWeighted>
      <UnitOfMeasure>100 גרם</UnitOfMeasure>
      <QtyInPackage>1</QtyInPackage>
      <ItemPrice>8.70</ItemPrice>
      <UnitOfMeasurePrice>6.96</UnitOfMeasurePrice>
      <AllowDiscount>1</AllowDiscount>
      <ItemStatus>1</ItemStatus>
    </Item>
    <Item>
      <PriceUpdateDate>2024-12-02 15:21</PriceUpdateDate>
      <ItemCode>7290013145970</ItemCode>
      <ItemType>1</ItemType>
      <ItemName>קורנפלור 200 גרם</ItemName>
      <ManufacturerName>לא ידוע</ManufacturerName>
      <ManufactureCountry>IL</ManufactureCountry>
      <ManufacturerItemDescription>קורנפלור 200 גרם    </ManufacturerItemDescription>
      <UnitQty>גרמים</UnitQty>
      <Quantity>200.00</Quantity>
      <bIsWeighted>0</bIsWeighted>
      <UnitOfMeasure>100 גרם</UnitOfMeasure>
      <QtyInPackage>1</QtyInPackage>
      <ItemPrice>4.70</ItemPrice>
      <UnitOfMeasurePrice>2.35</UnitOfMeasurePrice>
      <AllowDiscount>1</AllowDiscount>
      <ItemStatus>1</ItemStatus>
    </Item>
    <Item>
      <PriceUpdateDate>2024-12-02 15:20</PriceUpdateDate>
      <ItemCode>7290013146410</ItemCode>
      <ItemType>1</ItemType>
      <ItemName>נשיקות לקישוט צבע כחול 60 גרם</ItemName>
      <ManufacturerName>לא ידוע</ManufacturerName>
      <ManufactureCountry>IL</ManufactureCountry>
      <ManufacturerItemDescription>נשיקות לקישוט צבע   </ManufacturerItemDescription>
      <UnitQty>גרמים</UnitQty>
      <Quantity>60.00</Quantity>
      <bIsWeighted>0</bIsWeighted>
      <UnitOfMeasure>100 גרם</UnitOfMeasure>
      <QtyInPackage>1</QtyInPackage>
      <ItemPrice>20.90</ItemPrice>
      <UnitOfMeasurePrice>34.83</UnitOfMeasurePrice>
      <AllowDiscount>1</AllowDiscount>
      <ItemStatus>1</ItemStatus>
    </Item>
    <Item>
      <PriceUpdateDate>2024-12-02 15:20</PriceUpdateDate>
      <ItemCode>7290013146427</ItemCode>
      <ItemType>1</ItemType>
      <ItemName>נשיקות לקישוט צבע לבן 60 גרם</ItemName>
      <ManufacturerName>לא ידוע</ManufacturerName>
      <ManufactureCountry>IL</ManufactureCountry>
      <ManufacturerItemDescription>נשיקות לקישוט לבן   </ManufacturerItemDescription>
      <UnitQty>גרמים</UnitQty>
      <Quantity>60.00</Quantity>
      <bIsWeighted>0</bIsWeighted>
      <UnitOfMeasure>100 גרם</UnitOfMeasure>
      <QtyInPackage>1</QtyInPackage>
      <ItemPrice>20.90</ItemPrice>
      <UnitOfMeasurePrice>34.83</UnitOfMeasurePrice>
      <AllowDiscount>1</AllowDiscount>
      <ItemStatus>1</ItemStatus>
    </Item>
    <Item>
      <PriceUpdateDate>2024-11-18 16:05</PriceUpdateDate>
      <ItemCode>7290013146441</ItemCode>
      <ItemType>1</ItemType>
      <ItemName>נשיקות לקישוט בצבע ורוד 60 גרם</ItemName>
      <ManufacturerName>לא ידוע</ManufacturerName>
      <ManufactureCountry>IL</ManufactureCountry>
      <ManufacturerItemDescription>נשיקות לקישוט ורוד  </ManufacturerItemDescription>
      <UnitQty>גרמים</UnitQty>
      <Quantity>60.00</Quantity>
      <bIsWeighted>0</bIsWeighted>
      <UnitOfMeasure>100 גרם</UnitOfMeasure>
      <QtyInPackage>1</QtyInPackage>
      <ItemPrice>20.90</ItemPrice>
      <UnitOfMeasurePrice>34.83</UnitOfMeasurePrice>
      <AllowDiscount>1</AllowDiscount>
      <ItemStatus>1</ItemStatus>
    </Item>
    <Item>
      <PriceUpdateDate>2025-03-11 08:15</PriceUpdateDate>
      <ItemCode>7290013146656</ItemCode>
      <ItemType>1</ItemType>
      <ItemName>כוכבים תכלת ירוק לבן לקישוט 60 גרם</ItemName>
      <ManufacturerName>לא ידוע</ManufacturerName>
      <ManufactureCountry>IL</ManufactureCountry>
      <ManufacturerItemDescription>כוכבים תכלת ירוק לבן</ManufacturerItemDescription>
      <UnitQty>גרמים</UnitQty>
      <Quantity>60.00</Quantity>
      <bIsWeighted>0</bIsWeighted>
      <UnitOfMeasure>100 גרם</UnitOfMeasure>
      <QtyInPackage>1</QtyInPackage>
      <ItemPrice>17.50</ItemPrice>
      <UnitOfMeasurePrice>29.17</UnitOfMeasurePrice>
      <AllowDiscount>1</AllowDiscount>
      <ItemStatus>1</ItemStatus>
    </Item>
    <Item>
      <PriceUpdateDate>2025-03-11 08:24</PriceUpdateDate>
      <ItemCode>7290013146663</ItemCode>
      <ItemType>1</ItemType>
      <ItemName>אטריות צבעוניות לקישוט 55 גרם</ItemName>
      <ManufacturerName>לא ידוע</ManufacturerName>
      <ManufactureCountry>IL</ManufactureCountry>
      <ManufacturerItemDescription>אטריות צבעוניות לקיש</ManufacturerItemDescription>
      <UnitQty>גרמים</UnitQty>
      <Quantity>55.00</Quantity>
      <bIsWeighted>0</bIsWeighted>
      <UnitOfMeasure>100 גרם</UnitOfMeasure>
      <QtyInPackage>1</QtyInPackage>
      <ItemPrice>17.50</ItemPrice>
      <UnitOfMeasurePrice>31.82</UnitOfMeasurePrice>
      <AllowDiscount>1</AllowDiscount>
      <ItemStatus>1</ItemStatus>
    </Item>
    <Item>
      <PriceUpdateDate>2025-03-25 06:55</PriceUpdateDate>
      <ItemCode>7290013146670</ItemCode>
      <ItemType>1</ItemType>
      <ItemName>סוכריות לב סגול ורוד לבן לקישוט 60 גרם</ItemName>
      <ManufacturerName>לא ידוע</ManufacturerName>
      <ManufactureCountry>IL</ManufactureCountry>
      <ManufacturerItemDescription>סוכריות לב סגול ורוד</ManufacturerItemDescription>
      <UnitQty>גרמים</UnitQty>
      <Quantity>60.00</Quantity>
      <bIsWeighted>0</bIsWeighted>
      <UnitOfMeasure>100 גרם</UnitOfMeasure>
      <QtyInPackage>1</QtyInPackage>
      <ItemPrice>17.50</ItemPrice>
      <UnitOfMeasurePrice>29.17</UnitOfMeasurePrice>
      <AllowDiscount>1</AllowDiscount>
      <ItemStatus>1</ItemStatus>
    </Item>
    <Item>
      <PriceUpdateDate>2025-02-27 09:52</PriceUpdateDate>
      <ItemCode>7290013186164</ItemCode>
      <ItemType>1</ItemType>
      <ItemName>גאודה פרוסה 200 גרם Farmers Cheese</ItemName>
      <ManufacturerName>לא ידוע</ManufacturerName>
      <ManufactureCountry>הולנד</ManufactureCountry>
      <ManufacturerItemDescription>גאודה פרוסה 200 גרם </ManufacturerItemDescription>
      <UnitQty>גרמים</UnitQty>
      <Quantity>200.00</Quantity>
      <bIsWeighted>0</bIsWeighted>
      <UnitOfMeasure>100 גרם</UnitOfMeasure>
      <QtyInPackage>1</QtyInPackage>
      <ItemPrice>26.90</ItemPrice>
      <UnitOfMeasurePrice>13.45</UnitOfMeasurePrice>
      <AllowDiscount>1</AllowDiscount>
      <ItemStatus>1</ItemStatus>
    </Item>
    <Item>
      <PriceUpdateDate>2025-02-27 09:57</PriceUpdateDate>
      <ItemCode>7290013186171</ItemCode>
      <ItemType>1</ItemType>
      <ItemName>גאודה עיזים פרוסה 200 גרם Farmers Cheese</ItemName>
      <ManufacturerName>לא ידוע</ManufacturerName>
      <ManufactureCountry>הולנד</ManufactureCountry>
      <ManufacturerItemDescription>גאודה עיזים פרוסה 20</ManufacturerItemDescription>
      <UnitQty>גרמים</UnitQty>
      <Quantity>200.00</Quantity>
      <bIsWeighted>0</bIsWeighted>
      <UnitOfMeasure>100 גרם</UnitOfMeasure>
      <QtyInPackage>1</QtyInPackage>
      <ItemPrice>44.90</ItemPrice>
      <UnitOfMeasurePrice>22.45</UnitOfMeasurePrice>
      <AllowDiscount>1</AllowDiscount>
      <ItemStatus>1</ItemStatus>
    </Item>
    <Item>
      <PriceUpdateDate>2025-02-27 09:56</PriceUpdateDate>
      <ItemCode>7290013186188</ItemCode>
      <ItemType>1</ItemType>
      <ItemName>מאסדאם פרוסה 200 גרם Farmers Cheese</ItemName>
      <ManufacturerName>לא ידוע</ManufacturerName>
      <ManufactureCountry>הולנד</ManufactureCountry>
      <ManufacturerItemDescription>מאסדאם פרוסה 200 גרם</ManufacturerItemDescription>
      <UnitQty>גרמים</UnitQty>
      <Quantity>200.00</Quantity>
      <bIsWeighted>0</bIsWeighted>
      <UnitOfMeasure>100 גרם</UnitOfMeasure>
      <QtyInPackage>1</QtyInPackage>
      <ItemPrice>31.90</ItemPrice>
      <UnitOfMeasurePrice>15.95</UnitOfMeasurePrice>
      <AllowDiscount>1</AllowDiscount>
      <ItemStatus>1</ItemStatus>
    </Item>
    <Item>
      <PriceUpdateDate>2024-11-22 13:33</PriceUpdateDate>
      <ItemCode>7290013186294</ItemCode>
      <ItemType>1</ItemType>
      <ItemName>דים סאם במילוי שרימפס 250 גרם</ItemName>
      <ManufacturerName>לא ידוע</ManufacturerName>
      <ManufactureCountry>ויטנאם</ManufactureCountry>
      <ManufacturerItemDescription>דים סאם במילוי שרימפ</ManufacturerItemDescription>
      <UnitQty>גרמים</UnitQty>
      <Quantity>250.00</Quantity>
      <bIsWeighted>0</bIsWeighted>
      <UnitOfMeasure>100 גרם</UnitOfMeasure>
      <QtyInPackage>1</QtyInPackage>
      <ItemPrice>29.90</ItemPrice>
      <UnitOfMeasurePrice>11.96</UnitOfMeasurePrice>
      <AllowDiscount>1</AllowDiscount>
      <ItemStatus>1</ItemStatus>
    </Item>
    <Item>
      <PriceUpdateDate>2025-03-06 18:54</PriceUpdateDate>
      <ItemCode>7290013186300</ItemCode>
      <ItemType>1</ItemType>
      <ItemName>גיוזה שרימפס 240 גרם</ItemName>
      <ManufacturerName>לא ידוע</ManufacturerName>
      <ManufactureCountry>ויטנאם</ManufactureCountry>
      <ManufacturerItemDescription>גיוזה שרימפס 240 גרם</ManufacturerItemDescription>
      <UnitQty>גרמים</UnitQty>
      <Quantity>240.00</Quantity>
      <bIsWeighted>0</bIsWeighted>
      <UnitOfMeasure>100 גרם</UnitOfMeasure>
      <QtyInPackage>1</QtyInPackage>
      <ItemPrice>31.90</ItemPrice>
      <UnitOfMeasurePrice>13.29</UnitOfMeasurePrice>
      <AllowDiscount>1</AllowDiscount>
      <ItemStatus>1</ItemStatus>
    </Item>
    <Item>
      <PriceUpdateDate>2024-11-18 15:58</PriceUpdateDate>
      <ItemCode>7290013186317</ItemCode>
      <ItemType>1</ItemType>
      <ItemName>שרימפס מצופה פנקו 300 גרם</ItemName>
      <ManufacturerName>לא ידוע</ManufacturerName>
      <ManufactureCountry>IL</ManufactureCountry>
      <ManufacturerItemDescription>שרימפס מצופה פנקו 30</ManufacturerItemDescription>
      <UnitQty>גרמים</UnitQty>
      <Quantity>300.00</Quantity>
      <bIsWeighted>0</bIsWeighted>
      <UnitOfMeasure>100 גרם</UnitOfMeasure>
      <QtyInPackage>1</QtyInPackage>
      <ItemPrice>49.90</ItemPrice>
      <UnitOfMeasurePrice>16.63</UnitOfMeasurePrice>
      <AllowDiscount>1</AllowDiscount>
      <ItemStatus>1</ItemStatus>
    </Item>
    <Item>
      <PriceUpdateDate>2025-03-06 18:53</PriceUpdateDate>
      <ItemCode>7290013186348</ItemCode>
      <ItemType>1</ItemType>
      <ItemName>מיקס גיוזה 4 צבעים 600 גרם</ItemName>
      <ManufacturerName>לא ידוע</ManufacturerName>
      <ManufactureCountry>ויטנאם</ManufactureCountry>
      <ManufacturerItemDescription>מיקס גיוזה 4 צבעים 6</ManufacturerItemDescription>
      <UnitQty>גרמים</UnitQty>
      <Quantity>600.00</Quantity>
      <bIsWeighted>0</bIsWeighted>
      <UnitOfMeasure>100 גרם</UnitOfMeasure>
      <QtyInPackage>1</QtyInPackage>
      <ItemPrice>77.90</ItemPrice>
      <UnitOfMeasurePrice>12.98</UnitOfMeasurePrice>
      <AllowDiscount>1</AllowDiscount>
      <ItemStatus>1</ItemStatus>
    </Item>
    <Item>
      <PriceUpdateDate>2025-07-14 11:21</PriceUpdateDate>
      <ItemCode>7290013186614</ItemCode>
      <ItemType>1</ItemType>
      <ItemName>שרימפס לא מקולף מבושל 500 גר</ItemName>
      <ManufacturerName>לא ידוע</ManufacturerName>
      <ManufactureCountry>TH</ManufactureCountry>
      <ManufacturerItemDescription>שרימפס לא מקולף     </ManufacturerItemDescription>
      <UnitQty>גרמים</UnitQty>
      <Quantity>500.00</Quantity>
      <bIsWeighted>0</bIsWeighted>
      <UnitOfMeasure>100 גרם</UnitOfMeasure>
      <QtyInPackage>1</QtyInPackage>
      <ItemPrice>37.90</ItemPrice>
      <UnitOfMeasurePrice>7.58</UnitOfMeasurePrice>
      <AllowDiscount>1</AllowDiscount>
      <ItemStatus>1</ItemStatus>
    </Item>
    <Item>
      <PriceUpdateDate>2025-02-27 09:57</PriceUpdateDate>
      <ItemCode>7290013186669</ItemCode>
      <ItemType>1</ItemType>
      <ItemName>צדר אדום פרוס Farmers Cheese 200 גרם</ItemName>
      <ManufacturerName>לא ידוע</ManufacturerName>
      <ManufactureCountry>הולנד</ManufactureCountry>
      <ManufacturerItemDescription>צדר אדום פרוס Farmer</ManufacturerItemDescription>
      <UnitQty>גרמים</UnitQty>
      <Quantity>200.00</Quantity>
      <bIsWeighted>0</bIsWeighted>
      <UnitOfMeasure>100 גרם</UnitOfMeasure>
      <QtyInPackage>1</QtyInPackage>
      <ItemPrice>30.90</ItemPrice>
      <UnitOfMeasurePrice>15.45</UnitOfMeasurePrice>
      <AllowDiscount>1</AllowDiscount>
      <ItemStatus>1</ItemStatus>
    </Item>
    <Item>
      <PriceUpdateDate>2024-12-04 16:07</PriceUpdateDate>
      <ItemCode>7290013186676</ItemCode>
      <ItemType>1</ItemType>
      <ItemName>שרימפס מבושל 750 XL גר קפוא</ItemName>
      <ManufacturerName>לא ידוע</ManufacturerName>
      <ManufactureCountry>לא ידוע</ManufactureCountry>
      <ManufacturerItemDescription>שרימפס מבושל 750 XL </ManufacturerItemDescription>
      <UnitQty>גרמים</UnitQty>
      <Quantity>750.00</Quantity>
      <bIsWeighted>0</bIsWeighted>
      <UnitOfMeasure>100 גרם</UnitOfMeasure>
      <QtyInPackage>1</QtyInPackage>
      <ItemPrice>79.90</ItemPrice>
      <UnitOfMeasurePrice>10.65</UnitOfMeasurePrice>
      <AllowDiscount>1</AllowDiscount>
      <ItemStatus>1</ItemStatus>
    </Item>
    <Item>
      <PriceUpdateDate>2025-08-27 16:56</PriceUpdateDate>
      <ItemCode>7290013186683</ItemCode>
      <ItemType>1</ItemType>
      <ItemName>קבב רומני 600 גרם זילבר</ItemName>
      <ManufacturerName>לא ידוע</ManufacturerName>
      <ManufactureCountry />
      <ManufacturerItemDescription>קבב רומני 600 גרם זי</ManufacturerItemDescription>
      <UnitQty>גרמים</UnitQty>
      <Quantity>600.00</Quantity>
      <bIsWeighted>0</bIsWeighted>
      <UnitOfMeasure>100 גרם</UnitOfMeasure>
      <QtyInPackage>1</QtyInPackage>
      <ItemPrice>49.90</ItemPrice>
      <UnitOfMeasurePrice>8.32</UnitOfMeasurePrice>
      <AllowDiscount>1</AllowDiscount>
      <ItemStatus>1</ItemStatus>
    </Item>
    <Item>
      <PriceUpdateDate>2025-02-27 09:57</PriceUpdateDate>
      <ItemCode>7290013186690</ItemCode>
      <ItemType>1</ItemType>
      <ItemName>סלמון מעושן 200 גרם פוסן - מופשר</ItemName>
      <ManufacturerName>לא ידוע</ManufacturerName>
      <ManufactureCountry>NO</ManufactureCountry>
      <ManufacturerItemDescription>סלמון מעושן פוסן    </ManufacturerItemDescription>
      <UnitQty>גרמים</UnitQty>
      <Quantity>200.00</Quantity>
      <bIsWeighted>0</bIsWeighted>
      <UnitOfMeasure>100 גרם</UnitOfMeasure>
      <QtyInPackage>0</QtyInPackage>
      <ItemPrice>57.90</ItemPrice>
      <UnitOfMeasurePrice>28.95</UnitOfMeasurePrice>
      <AllowDiscount>1</AllowDiscount>
      <ItemStatus>1</ItemStatus>
    </Item>
    <Item>
      <PriceUpdateDate>2024-11-21 16:52</PriceUpdateDate>
      <ItemCode>7290013186706</ItemCode>
      <ItemType>1</ItemType>
      <ItemName>טראוט מעושן 100 גרם פוסן מופשר</ItemName>
      <ManufacturerName>לא ידוע</ManufacturerName>
      <ManufactureCountry />
      <ManufacturerItemDescription>טראוט מעושן 100 גרם </ManufacturerItemDescription>
      <UnitQty>גרמים</UnitQty>
      <Quantity>100.00</Quantity>
      <bIsWeighted>0</bIsWeighted>
      <UnitOfMeasure>100 גרם</UnitOfMeasure>
      <QtyInPackage>1</QtyInPackage>
      <ItemPrice>27.90</ItemPrice>
      <UnitOfMeasurePrice>27.90</UnitOfMeasurePrice>
      <AllowDiscount>1</AllowDiscount>
      <ItemStatus>1</ItemStatus>
    </Item>
    <Item>
      <PriceUpdateDate>2025-02-27 09:57</PriceUpdateDate>
      <ItemCode>7290013186713</ItemCode>
      <ItemType>1</ItemType>
      <ItemName>גרבלקס פורל ים נורבגי 100 ג מופשר</ItemName>
      <ManufacturerName>לא ידוע</ManufacturerName>
      <ManufactureCountry />
      <ManufacturerItemDescription>גרבלקס פורל ים נורבג</ManufacturerItemDescription>
      <UnitQty>גרמים</UnitQty>
      <Quantity>100.00</Quantity>
      <bIsWeighted>0</bIsWeighted>
      <UnitOfMeasure>100 גרם</UnitOfMeasure>
      <QtyInPackage>1</QtyInPackage>
      <ItemPrice>29.90</ItemPrice>
      <UnitOfMeasurePrice>29.90</UnitOfMeasurePrice>
      <AllowDiscount>1</AllowDiscount>
      <ItemStatus>1</ItemStatus>
    </Item>
    <Item>
      <PriceUpdateDate>2025-04-03 11:06</PriceUpdateDate>
      <ItemCode>7290013186751</ItemCode>
      <ItemType>1</ItemType>
      <ItemName>לקט ירוק טבעפרוסט 800 גרם</ItemName>
      <ManufacturerName>לא ידוע</ManufacturerName>
      <ManufactureCountry>BE</ManufactureCountry>
      <ManufacturerItemDescription>לקט ירוק טבעפרוסט 80</ManufacturerItemDescription>
      <UnitQty>גרמים</UnitQty>
      <Quantity>800.00</Quantity>
      <bIsWeighted>0</bIsWeighted>
      <UnitOfMeasure>100 גרם</UnitOfMeasure>
      <QtyInPackage>1</QtyInPackage>
      <ItemPrice>26.90</ItemPrice>
      <UnitOfMeasurePrice>3.36</UnitOfMeasurePrice>
      <AllowDiscount>1</AllowDiscount>
      <ItemStatus>1</ItemStatus>
    </Item>
    <Item>
      <PriceUpdateDate>2025-04-03 11:06</PriceUpdateDate>
      <ItemCode>7290013186768</ItemCode>
      <ItemType>1</ItemType>
      <ItemName>לקט הכפר טבעפרוסט 800 גרם</ItemName>
      <ManufacturerName>לא ידוע</ManufacturerName>
      <ManufactureCountry>BE</ManufactureCountry>
      <ManufacturerItemDescription>לקט הכפר טבעפרוסט 80</ManufacturerItemDescription>
      <UnitQty>גרמים</UnitQty>
      <Quantity>800.00</Quantity>
      <bIsWeighted>0</bIsWeighted>
      <UnitOfMeasure>100 גרם</UnitOfMeasure>
      <QtyInPackage>1</QtyInPackage>
      <ItemPrice>26.90</ItemPrice>
      <UnitOfMeasurePrice>3.36</UnitOfMeasurePrice>
      <AllowDiscount>1</AllowDiscount>
      <ItemStatus>1</ItemStatus>
    </Item>
    <Item>
      <PriceUpdateDate>2025-02-27 10:00</PriceUpdateDate>
      <ItemCode>7290013186850</ItemCode>
      <ItemType>1</ItemType>
      <ItemName>המבורגר מסעדות 400 גרם זילבר</ItemName>
      <ManufacturerName>לא ידוע</ManufacturerName>
      <ManufactureCountry>IL</ManufactureCountry>
      <ManufacturerItemDescription>המבורגר מסעדות 400 ג</ManufacturerItemDescription>
      <UnitQty>גרמים</UnitQty>
      <Quantity>400.00</Quantity>
      <bIsWeighted>0</bIsWeighted>
      <UnitOfMeasure>100 גרם</UnitOfMeasure>
      <QtyInPackage>1</QtyInPackage>
      <ItemPrice>37.90</ItemPrice>
      <UnitOfMeasurePrice>9.48</UnitOfMeasurePrice>
      <AllowDiscount>1</AllowDiscount>
      <ItemStatus>1</ItemStatus>
    </Item>
    <Item>
      <PriceUpdateDate>2025-08-27 16:52</PriceUpdateDate>
      <ItemCode>7290013186904</ItemCode>
      <ItemType>1</ItemType>
      <ItemName>המבורגר בקר 480 גרם זילבר</ItemName>
      <ManufacturerName>לא ידוע</ManufacturerName>
      <ManufactureCountry>IL</ManufactureCountry>
      <ManufacturerItemDescription>המבורגר בקר 480 גרם </ManufacturerItemDescription>
      <UnitQty>גרמים</UnitQty>
      <Quantity>480.00</Quantity>
      <bIsWeighted>0</bIsWeighted>
      <UnitOfMeasure>100 גרם</UnitOfMeasure>
      <QtyInPackage>1</QtyInPackage>
      <ItemPrice>35.90</ItemPrice>
      <UnitOfMeasurePrice>7.48</UnitOfMeasurePrice>
      <AllowDiscount>1</AllowDiscount>
      <ItemStatus>1</ItemStatus>
    </Item>
    <Item>
      <PriceUpdateDate>2024-12-25 23:00</PriceUpdateDate>
      <ItemCode>7290013186942</ItemCode>
      <ItemType>1</ItemType>
      <ItemName>קריספי שרימפס (ללא זנב ) 180 גרם</ItemName>
      <ManufacturerName>לא ידוע</ManufacturerName>
      <ManufactureCountry>ויטנאם</ManufactureCountry>
      <ManufacturerItemDescription>קריספי שרימפס       </ManufacturerItemDescription>
      <UnitQty>גרמים</UnitQty>
      <Quantity>180.00</Quantity>
      <bIsWeighted>0</bIsWeighted>
      <UnitOfMeasure>100 גרם</UnitOfMeasure>
      <QtyInPackage>1</QtyInPackage>
      <ItemPrice>34.90</ItemPrice>
      <UnitOfMeasurePrice>19.39</UnitOfMeasurePrice>
      <AllowDiscount>1</AllowDiscount>
      <ItemStatus>1</ItemStatus>
    </Item>
    <Item>
      <PriceUpdateDate>2025-02-20 18:14</PriceUpdateDate>
      <ItemCode>7290013186973</ItemCode>
      <ItemType>1</ItemType>
      <ItemName>סרבלד של סבא 170 גרם זילבר</ItemName>
      <ManufacturerName>לא ידוע</ManufacturerName>
      <ManufactureCountry>IL</ManufactureCountry>
      <ManufacturerItemDescription>סרבלד של סבא 170 גרם</ManufacturerItemDescription>
      <UnitQty>גרמים</UnitQty>
      <Quantity>170.00</Quantity>
      <bIsWeighted>0</bIsWeighted>
      <UnitOfMeasure>100 גרם</UnitOfMeasure>
      <QtyInPackage>1</QtyInPackage>
      <ItemPrice>41.90</ItemPrice>
      <UnitOfMeasurePrice>24.65</UnitOfMeasurePrice>
      <AllowDiscount>1</AllowDiscount>
      <ItemStatus>1</ItemStatus>
    </Item>
    <Item>
      <PriceUpdateDate>2024-07-17 08:34</PriceUpdateDate>
      <ItemCode>7290013187215</ItemCode>
      <ItemType>1</ItemType>
      <ItemName>מנות פילה סלמון נורבגי 800 גר</ItemName>
      <ManufacturerName>לא ידוע</ManufacturerName>
      <ManufactureCountry>NO</ManufactureCountry>
      <ManufacturerItemDescription>פילה סלמון נורבגי   </ManufacturerItemDescription>
      <UnitQty>גרמים</UnitQty>
      <Quantity>800.00</Quantity>
      <bIsWeighted>0</bIsWeighted>
      <UnitOfMeasure>100 גרם</UnitOfMeasure>
      <QtyInPackage>1</QtyInPackage>
      <ItemPrice>95.90</ItemPrice>
      <UnitOfMeasurePrice>11.99</UnitOfMeasurePrice>
      <AllowDiscount>1</AllowDiscount>
      <ItemStatus>1</ItemStatus>
    </Item>
    <Item>
      <PriceUpdateDate>2025-03-06 18:53</PriceUpdateDate>
      <ItemCode>7290013187765</ItemCode>
      <ItemType>1</ItemType>
      <ItemName>ברוקולי טבעפרוסט 800 גר</ItemName>
      <ManufacturerName>לא ידוע</ManufacturerName>
      <ManufactureCountry>לא ידוע</ManufactureCountry>
      <ManufacturerItemDescription>ברוקולי טבעפרוסט 800</ManufacturerItemDescription>
      <UnitQty>גרמים</UnitQty>
      <Quantity>800.00</Quantity>
      <bIsWeighted>0</bIsWeighted>
      <UnitOfMeasure>100 גרם</UnitOfMeasure>
      <QtyInPackage>1</QtyInPackage>
      <ItemPrice>26.90</ItemPrice>
      <UnitOfMeasurePrice>3.36</UnitOfMeasurePrice>
      <AllowDiscount>1</AllowDiscount>
      <ItemStatus>1</ItemStatus>
    </Item>
    <Item>
      <PriceUpdateDate>2025-03-06 18:54</PriceUpdateDate>
      <ItemCode>7290013187772</ItemCode>
      <ItemType>1</ItemType>
      <ItemName>אפונה ירוקה עדינה טבעפרוסט 800 גר</ItemName>
      <ManufacturerName>לא ידוע</ManufacturerName>
      <ManufactureCountry>לא ידוע</ManufactureCountry>
      <ManufacturerItemDescription>אפונה ירוקה עדינה טב</ManufacturerItemDescription>
      <UnitQty>גרמים</UnitQty>
      <Quantity>800.00</Quantity>
      <bIsWeighted>0</bIsWeighted>
      <UnitOfMeasure>100 גרם</UnitOfMeasure>
      <QtyInPackage>1</QtyInPackage>
      <ItemPrice>25.90</ItemPrice>
      <UnitOfMeasurePrice>3.24</UnitOfMeasurePrice>
      <AllowDiscount>1</AllowDiscount>
      <ItemStatus>1</ItemStatus>
    </Item>
    <Item>
      <PriceUpdateDate>2025-03-06 18:53</PriceUpdateDate>
      <ItemCode>7290013187789</ItemCode>
      <ItemType>1</ItemType>
      <ItemName>אפונה ירוקה טבעפרוסט 800 גר</ItemName>
      <ManufacturerName>לא ידוע</ManufacturerName>
      <ManufactureCountry>לא ידוע</ManufactureCountry>
      <ManufacturerItemDescription>אפונה ירוקה טבעפרוסט</ManufacturerItemDescription>
      <UnitQty>גרמים</UnitQty>
      <Quantity>800.00</Quantity>
      <bIsWeighted>0</bIsWeighted>
      <UnitOfMeasure>100 גרם</UnitOfMeasure>
      <QtyInPackage>1</QtyInPackage>
      <ItemPrice>21.90</ItemPrice>
      <UnitOfMeasurePrice>2.74</UnitOfMeasurePrice>
      <AllowDiscount>1</AllowDiscount>
      <ItemStatus>1</ItemStatus>
    </Item>
    <Item>
      <PriceUpdateDate>2025-03-06 18:54</PriceUpdateDate>
      <ItemCode>7290013187802</ItemCode>
      <ItemType>1</ItemType>
      <ItemName>שעועית ירוקה עדינה טבעפרוסט 800 גר</ItemName>
      <ManufacturerName>לא ידוע</ManufacturerName>
      <ManufactureCountry>לא ידוע</ManufactureCountry>
      <ManufacturerItemDescription>שעועית ירוקה עדינה ט</ManufacturerItemDescription>
      <UnitQty>גרמים</UnitQty>
      <Quantity>800.00</Quantity>
      <bIsWeighted>0</bIsWeighted>
      <UnitOfMeasure>100 גרם</UnitOfMeasure>
      <QtyInPackage>1</QtyInPackage>
      <ItemPrice>22.90</ItemPrice>
      <UnitOfMeasurePrice>2.86</UnitOfMeasurePrice>
      <AllowDiscount>1</AllowDiscount>
      <ItemStatus>1</ItemStatus>
    </Item>
    <Item>
      <PriceUpdateDate>2025-01-23 07:48</PriceUpdateDate>
      <ItemCode>7290013187826</ItemCode>
      <ItemType>1</ItemType>
      <ItemName>כרוב ניצנים טבעפרוסט 800 גר</ItemName>
      <ManufacturerName>לא ידוע</ManufacturerName>
      <ManufactureCountry>לא ידוע</ManufactureCountry>
      <ManufacturerItemDescription>כרוב ניצנים טבעפרוסט</ManufacturerItemDescription>
      <UnitQty>גרמים</UnitQty>
      <Quantity>800.00</Quantity>
      <bIsWeighted>0</bIsWeighted>
      <UnitOfMeasure>100 גרם</UnitOfMeasure>
      <QtyInPackage>1</QtyInPackage>
      <ItemPrice>21.90</ItemPrice>
      <UnitOfMeasurePrice>2.74</UnitOfMeasurePrice>
      <AllowDiscount>1</AllowDiscount>
      <ItemStatus>1</ItemStatus>
    </Item>
    <Item>
      <PriceUpdateDate>2025-03-06 18:53</PriceUpdateDate>
      <ItemCode>7290013187833</ItemCode>
      <ItemType>1</ItemType>
      <ItemName>כרובית טבעפרוסט 800 גר</ItemName>
      <ManufacturerName>לא ידוע</ManufacturerName>
      <ManufactureCountry>לא ידוע</ManufactureCountry>
      <ManufacturerItemDescription>כרובית טבעפרוסט 800 </ManufacturerItemDescription>
      <UnitQty>גרמים</UnitQty>
      <Quantity>800.00</Quantity>
      <bIsWeighted>0</bIsWeighted>
      <UnitOfMeasure>100 גרם</UnitOfMeasure>
      <QtyInPackage>1</QtyInPackage>
      <ItemPrice>23.90</ItemPrice>
      <UnitOfMeasurePrice>2.99</UnitOfMeasurePrice>
      <AllowDiscount>1</AllowDiscount>
      <ItemStatus>1</ItemStatus>
    </Item>
    <Item>
      <PriceUpdateDate>2025-03-06 18:54</PriceUpdateDate>
      <ItemCode>7290013187857</ItemCode>
      <ItemType>1</ItemType>
      <ItemName>תרד טבעפרוסט 800 גר</ItemName>
      <ManufacturerName>לא ידוע</ManufacturerName>
      <ManufactureCountry>לא ידוע</ManufactureCountry>
      <ManufacturerItemDescription>תרד טבעפרוסט 800 גר </ManufacturerItemDescription>
      <UnitQty>גרמים</UnitQty>
      <Quantity>800.00</Quantity>
      <bIsWeighted>0</bIsWeighted>
      <UnitOfMeasure>100 גרם</UnitOfMeasure>
      <QtyInPackage>1</QtyInPackage>
      <ItemPrice>22.90</ItemPrice>
      <UnitOfMeasurePrice>2.86</UnitOfMeasurePrice>
      <AllowDiscount>1</AllowDiscount>
      <ItemStatus>1</ItemStatus>
    </Item>
    <Item>
      <PriceUpdateDate>2024-11-06 08:15</PriceUpdateDate>
      <ItemCode>7290013187888</ItemCode>
      <ItemType>1</ItemType>
      <ItemName>רוסקי סרוולט 170 גר</ItemName>
      <ManufacturerName>לא ידוע</ManufacturerName>
      <ManufactureCountry>לא ידוע</ManufactureCountry>
      <ManufacturerItemDescription>רוסקי סרוולט 170 גר </ManufacturerItemDescription>
      <UnitQty>גרמים</UnitQty>
      <Quantity>170.00</Quantity>
      <bIsWeighted>0</bIsWeighted>
      <UnitOfMeasure>100 גרם</UnitOfMeasure>
      <QtyInPackage>1</QtyInPackage>
      <ItemPrice>39.90</ItemPrice>
      <UnitOfMeasurePrice>23.47</UnitOfMeasurePrice>
      <AllowDiscount>1</AllowDiscount>
      <ItemStatus>1</ItemStatus>
    </Item>
    <Item>
      <PriceUpdateDate>2025-11-06 16:39</PriceUpdateDate>
      <ItemCode>7290013215369</ItemCode>
      <ItemType>1</ItemType>
      <ItemName>מארז זוג דואט פטריות שמפניון ופורטובלו</ItemName>
      <ManufacturerName>לא ידוע</ManufacturerName>
      <ManufactureCountry />
      <ManufacturerItemDescription>מארז זוג דואט פטריות</ManufacturerItemDescription>
      <UnitQty>גרמים</UnitQty>
      <Quantity>420.00</Quantity>
      <bIsWeighted>0</bIsWeighted>
      <UnitOfMeasure>100 גרם</UnitOfMeasure>
      <QtyInPackage>1</QtyInPackage>
      <ItemPrice>19.90</ItemPrice>
      <UnitOfMeasurePrice>4.74</UnitOfMeasurePrice>
      <AllowDiscount>1</AllowDiscount>
      <ItemStatus>1</ItemStatus>
    </Item>
    <Item>
      <PriceUpdateDate>2024-06-22 17:10</PriceUpdateDate>
      <ItemCode>7290013253200</ItemCode>
      <ItemType>1</ItemType>
      <ItemName>קבב רומני 1 ק"ג אבי נחום</ItemName>
      <ManufacturerName>לא ידוע</ManufacturerName>
      <ManufactureCountry>ישראל</ManufactureCountry>
      <ManufacturerItemDescription>קבב רומני 1 ק"ג     </ManufacturerItemDescription>
      <UnitQty>קילוגרמים</UnitQty>
      <Quantity>0.00</Quantity>
      <bIsWeighted>0</bIsWeighted>
      <UnitOfMeasure>ק"ג</UnitOfMeasure>
      <QtyInPackage>1</QtyInPackage>
      <ItemPrice>88.90</ItemPrice>
      <UnitOfMeasurePrice>88.90</UnitOfMeasurePrice>
      <AllowDiscount>1</AllowDiscount>
      <ItemStatus>1</ItemStatus>
    </Item>
    <Item>
      <PriceUpdateDate>2024-06-22 18:41</PriceUpdateDate>
      <ItemCode>7290013253217</ItemCode>
      <ItemType>1</ItemType>
      <ItemName>קבב עם שומן כבש 1 ק"ג אבי נחום</ItemName>
      <ManufacturerName>לא ידוע</ManufacturerName>
      <ManufactureCountry>ישראל</ManufactureCountry>
      <ManufacturerItemDescription>קבב עם שומן כבש 1 ק"</ManufacturerItemDescription>
      <UnitQty>קילוגרמים</UnitQty>
      <Quantity>0.00</Quantity>
      <bIsWeighted>0</bIsWeighted>
      <UnitOfMeasure>ק"ג</UnitOfMeasure>
      <QtyInPackage>1</QtyInPackage>
      <ItemPrice>88.90</ItemPrice>
      <UnitOfMeasurePrice>88.90</UnitOfMeasurePrice>
      <AllowDiscount>1</AllowDiscount>
      <ItemStatus>1</ItemStatus>
    </Item>
    <Item>
      <PriceUpdateDate>2023-12-26 08:41</PriceUpdateDate>
      <ItemCode>7290013268020</ItemCode>
      <ItemType>1</ItemType>
      <ItemName>מרכך כביסה מקסימה סופר מרוכז 1 ל אולטרא</ItemName>
      <ManufacturerName>לא ידוע</ManufacturerName>
      <ManufactureCountry>לא ידוע</ManufactureCountry>
      <ManufacturerItemDescription>מרכך כביסה מקסימה סו</ManufacturerItemDescription>
      <UnitQty>מיליליטרים</UnitQty>
      <Quantity>1000.00</Quantity>
      <bIsWeighted>0</bIsWeighted>
      <UnitOfMeasure>100 מ"ל</UnitOfMeasure>
      <QtyInPackage>1</QtyInPackage>
      <ItemPrice>19.90</ItemPrice>
      <UnitOfMeasurePrice>1.99</UnitOfMeasurePrice>
      <AllowDiscount>1</AllowDiscount>
      <ItemStatus>1</ItemStatus>
    </Item>
    <Item>
      <PriceUpdateDate>2023-05-02 12:21</PriceUpdateDate>
      <ItemCode>7290013268983</ItemCode>
      <ItemType>1</ItemType>
      <ItemName>מרכך מרוכז 1 ליטר עוצמתי במיוחד</ItemName>
      <ManufacturerName>לא ידוע</ManufacturerName>
      <ManufactureCountry />
      <ManufacturerItemDescription>מרכך מרוכז 1 ליטר עו</ManufacturerItemDescription>
      <UnitQty>ליטרים</UnitQty>
      <Quantity>0.00</Quantity>
      <bIsWeighted>0</bIsWeighted>
      <UnitOfMeasure>ליטר</UnitOfMeasure>
      <QtyInPackage>1</QtyInPackage>
      <ItemPrice>19.90</ItemPrice>
      <UnitOfMeasurePrice>19.90</UnitOfMeasurePrice>
      <AllowDiscount>1</AllowDiscount>
      <ItemStatus>1</ItemStatus>
    </Item>
    <Item>
      <PriceUpdateDate>2022-09-14 13:49</PriceUpdateDate>
      <ItemCode>7290013269621</ItemCode>
      <ItemType>1</ItemType>
      <ItemName>נוזל רצפות ריצפז פרש הום מלון בוטיק 2 ל</ItemName>
      <ManufacturerName>לא ידוע</ManufacturerName>
      <ManufactureCountry>ישראל</ManufactureCountry>
      <ManufacturerItemDescription>נוזל רצפות ריצפז פרש</ManufacturerItemDescription>
      <UnitQty>ליטרים</UnitQty>
      <Quantity>0.00</Quantity>
      <bIsWeighted>0</bIsWeighted>
      <UnitOfMeasure>ליטר</UnitOfMeasure>
      <QtyInPackage>1</QtyInPackage>
      <ItemPrice>22.90</ItemPrice>
      <UnitOfMeasurePrice>22.90</UnitOfMeasurePrice>
      <AllowDiscount>1</AllowDiscount>
      <ItemStatus>1</ItemStatus>
    </Item>
    <Item>
      <PriceUpdateDate>2024-01-18 18:34</PriceUpdateDate>
      <ItemCode>7290013269751</ItemCode>
      <ItemType>1</ItemType>
      <ItemName>מט.לחות לרצפה סנו ריצפז פרש מלו בוטיק 10</ItemName>
      <ManufacturerName>לא ידוע</ManufacturerName>
      <ManufactureCountry>ישראל</ManufactureCountry>
      <ManufacturerItemDescription>מטליות לחות לרצפה סנ</ManufacturerItemDescription>
      <UnitQty>Unknown</UnitQty>
      <Quantity>0.00</Quantity>
      <bIsWeighted>0</bIsWeighted>
      <UnitOfMeasure>Unknown</UnitOfMeasure>
      <QtyInPackage>1</QtyInPackage>
      <ItemPrice>15.40</ItemPrice>
      <UnitOfMeasurePrice>15.40</UnitOfMeasurePrice>
      <AllowDiscount>1</AllowDiscount>
      <ItemStatus>1</ItemStatus>
    </Item>
    <Item>
      <PriceUpdateDate>2025-02-12 10:09</PriceUpdateDate>
      <ItemCode>7290013284310</ItemCode>
      <ItemType>1</ItemType>
      <ItemName>רוטב פסטה לילדים 240 גרם פריניר</ItemName>
      <ManufacturerName>לא ידוע</ManufacturerName>
      <ManufactureCountry>לא ידוע</ManufactureCountry>
      <ManufacturerItemDescription>רוטב פסטה לילדים 240</ManufacturerItemDescription>
      <UnitQty>גרמים</UnitQty>
      <Quantity>240.00</Quantity>
      <bIsWeighted>0</bIsWeighted>
      <UnitOfMeasure>100 גרם</UnitOfMeasure>
      <QtyInPackage>1</QtyInPackage>
      <ItemPrice>7.50</ItemPrice>
      <UnitOfMeasurePrice>3.13</UnitOfMeasurePrice>
      <AllowDiscount>1</AllowDiscount>
      <ItemStatus>1</ItemStatus>
    </Item>
    <Item>
      <PriceUpdateDate>2024-12-11 07:13</PriceUpdateDate>
      <ItemCode>7290013310163</ItemCode>
      <ItemType>1</ItemType>
      <ItemName>מדליק פחם מוצק 40 יח</ItemName>
      <ManufacturerName>לא ידוע</ManufacturerName>
      <ManufactureCountry>לא ידוע</ManufactureCountry>
      <ManufacturerItemDescription>מדליק פחם מוצק 40 יח</ManufacturerItemDescription>
      <UnitQty>Unknown</UnitQty>
      <Quantity>0.00</Quantity>
      <bIsWeighted>0</bIsWeighted>
      <UnitOfMeasure>Unknown</UnitOfMeasure>
      <QtyInPackage>1</QtyInPackage>
      <ItemPrice>7.90</ItemPrice>
      <UnitOfMeasurePrice>7.90</UnitOfMeasurePrice>
      <AllowDiscount>1</AllowDiscount>
      <ItemStatus>1</ItemStatus>
    </Item>
    <Item>
      <PriceUpdateDate>2025-01-30 07:57</PriceUpdateDate>
      <ItemCode>7290013358356</ItemCode>
      <ItemType>1</ItemType>
      <ItemName>מאסטר שף פירורי לחם מוזהבים 320 גרם</ItemName>
      <ManufacturerName>לא ידוע</ManufacturerName>
      <ManufactureCountry>לא ידוע</ManufactureCountry>
      <ManufacturerItemDescription>מאסטר שף פירורי לחם </ManufacturerItemDescription>
      <UnitQty>גרמים</UnitQty>
      <Quantity>320.00</Quantity>
      <bIsWeighted>0</bIsWeighted>
      <UnitOfMeasure>100 גרם</UnitOfMeasure>
      <QtyInPackage>1</QtyInPackage>
      <ItemPrice>9.90</ItemPrice>
      <UnitOfMeasurePrice>3.09</UnitOfMeasurePrice>
      <AllowDiscount>1</AllowDiscount>
      <ItemStatus>1</ItemStatus>
    </Item>
    <Item>
      <PriceUpdateDate>2021-12-06 17:24</PriceUpdateDate>
      <ItemCode>7290013358363</ItemCode>
      <ItemType>1</ItemType>
      <ItemName>פירורי לחם פנקו 300 גרם מנה</ItemName>
      <ManufacturerName>לא ידוע</ManufacturerName>
      <ManufactureCountry>לא ידוע</ManufactureCountry>
      <ManufacturerItemDescription>פירורי לחם פנקו 300 </ManufacturerItemDescription>
      <UnitQty>גרמים</UnitQty>
      <Quantity>300.00</Quantity>
      <bIsWeighted>0</bIsWeighted>
      <UnitOfMeasure>100 גרם</UnitOfMeasure>
      <QtyInPackage>1</QtyInPackage>
      <ItemPrice>11.90</ItemPrice>
      <UnitOfMeasurePrice>3.97</UnitOfMeasurePrice>
      <AllowDiscount>1</AllowDiscount>
      <ItemStatus>1</ItemStatus>
    </Item>
    <Item>
      <PriceUpdateDate>2021-12-06 17:25</PriceUpdateDate>
      <ItemCode>7290013358370</ItemCode>
      <ItemType>1</ItemType>
      <ItemName>פירורי לחם פנקו מוזהבים שום  300 גרם מנה</ItemName>
      <ManufacturerName>לא ידוע</ManufacturerName>
      <ManufactureCountry>לא ידוע</ManufactureCountry>
      <ManufacturerItemDescription>פירורי לחם פנקו מוזה</ManufacturerItemDescription>
      <UnitQty>גרמים</UnitQty>
      <Quantity>300.00</Quantity>
      <bIsWeighted>0</bIsWeighted>
      <UnitOfMeasure>100 גרם</UnitOfMeasure>
      <QtyInPackage>1</QtyInPackage>
      <ItemPrice>11.90</ItemPrice>
      <UnitOfMeasurePrice>3.97</UnitOfMeasurePrice>
      <AllowDiscount>1</AllowDiscount>
      <ItemStatus>1</ItemStatus>
    </Item>
    <Item>
      <PriceUpdateDate>2024-06-03 09:50</PriceUpdateDate>
      <ItemCode>7290013366108</ItemCode>
      <ItemType>1</ItemType>
      <ItemName>אספרגוס</ItemName>
      <ManufacturerName>לא ידוע</ManufacturerName>
      <ManufactureCountry>לא ידוע</ManufactureCountry>
      <ManufacturerItemDescription>אספרגוס             </ManufacturerItemDescription>
      <UnitQty>יחידה</UnitQty>
      <Quantity>1.00</Quantity>
      <bIsWeighted>0</bIsWeighted>
      <UnitOfMeasure>יחידה</UnitOfMeasure>
      <QtyInPackage>1</QtyInPackage>
      <ItemPrice>39.90</ItemPrice>
      <UnitOfMeasurePrice>39.90</UnitOfMeasurePrice>
      <AllowDiscount>1</AllowDiscount>
      <ItemStatus>1</ItemStatus>
    </Item>
    <Item>
      <PriceUpdateDate>2021-06-27 15:47</PriceUpdateDate>
      <ItemCode>7290013366658</ItemCode>
      <ItemType>1</ItemType>
      <ItemName>חסה סנלובה 200 גר</ItemName>
      <ManufacturerName>לא ידוע</ManufacturerName>
      <ManufactureCountry>לא ידוע</ManufactureCountry>
      <ManufacturerItemDescription>חסה סנלובה 200 גר   </ManufacturerItemDescription>
      <UnitQty>גרמים</UnitQty>
      <Quantity>200.00</Quantity>
      <bIsWeighted>0</bIsWeighted>
      <UnitOfMeasure>100 גרם</UnitOfMeasure>
      <QtyInPackage>1</QtyInPackage>
      <ItemPrice>14.90</ItemPrice>
      <UnitOfMeasurePrice>7.45</UnitOfMeasurePrice>
      <AllowDiscount>1</AllowDiscount>
      <ItemStatus>1</ItemStatus>
    </Item>
    <Item>
      <PriceUpdateDate>2025-07-17 15:01</PriceUpdateDate>
      <ItemCode>7290013366665</ItemCode>
      <ItemType>1</ItemType>
      <ItemName>חסה גמביט קראנצית כרמלים יחידה</ItemName>
      <ManufacturerName>לא ידוע</ManufacturerName>
      <ManufactureCountry>לא ידוע</ManufactureCountry>
      <ManufacturerItemDescription>חסה גמביט קראנצית כר</ManufacturerItemDescription>
      <UnitQty>יחידה</UnitQty>
      <Quantity>1.00</Quantity>
      <bIsWeighted>0</bIsWeighted>
      <UnitOfMeasure>יחידה</UnitOfMeasure>
      <QtyInPackage>1</QtyInPackage>
      <ItemPrice>14.90</ItemPrice>
      <UnitOfMeasurePrice>14.90</UnitOfMeasurePrice>
      <AllowDiscount>1</AllowDiscount>
      <ItemStatus>1</ItemStatus>
    </Item>
    <Item>
      <PriceUpdateDate>2025-03-16 07:19</PriceUpdateDate>
      <ItemCode>7290013389114</ItemCode>
      <ItemType>1</ItemType>
      <ItemName>ניוקי תפו"א 500 גרם</ItemName>
      <ManufacturerName>לא ידוע</ManufacturerName>
      <ManufactureCountry>לא ידוע</ManufactureCountry>
      <ManufacturerItemDescription>ניוקי תפו"א 500 גרם </ManufacturerItemDescription>
      <UnitQty>גרמים</UnitQty>
      <Quantity>500.00</Quantity>
      <bIsWeighted>0</bIsWeighted>
      <UnitOfMeasure>100 גרם</UnitOfMeasure>
      <QtyInPackage>1</QtyInPackage>
      <ItemPrice>12.20</ItemPrice>
      <UnitOfMeasurePrice>2.44</UnitOfMeasurePrice>
      <AllowDiscount>1</AllowDiscount>
      <ItemStatus>1</ItemStatus>
    </Item>
    <Item>
      <PriceUpdateDate>2024-06-22 21:18</PriceUpdateDate>
      <ItemCode>7290013389374</ItemCode>
      <ItemType>1</ItemType>
      <ItemName>קמח תירס דק פולנטה 500 גר</ItemName>
      <ManufacturerName>לא ידוע</ManufacturerName>
      <ManufactureCountry>לא ידוע</ManufactureCountry>
      <ManufacturerItemDescription>קמח תירס דק פולנטה 5</ManufacturerItemDescription>
      <UnitQty>גרמים</UnitQty>
      <Quantity>500.00</Quantity>
      <bIsWeighted>0</bIsWeighted>
      <UnitOfMeasure>100 גרם</UnitOfMeasure>
      <QtyInPackage>1</QtyInPackage>
      <ItemPrice>8.50</ItemPrice>
      <UnitOfMeasurePrice>1.70</UnitOfMeasurePrice>
      <AllowDiscount>1</AllowDiscount>
      <ItemStatus>1</ItemStatus>
    </Item>
    <Item>
      <PriceUpdateDate>2025-01-30 07:57</PriceUpdateDate>
      <ItemCode>7290013430083</ItemCode>
      <ItemType>1</ItemType>
      <ItemName>בירה אלכסנדר בלונד 330 מ"ל</ItemName>
      <ManufacturerName>לא ידוע</ManufacturerName>
      <ManufactureCountry>לא ידוע</ManufactureCountry>
      <ManufacturerItemDescription>בירה אלכסנדר בלונד 3</ManufacturerItemDescription>
      <UnitQty>מיליליטרים</UnitQty>
      <Quantity>330.00</Quantity>
      <bIsWeighted>0</bIsWeighted>
      <UnitOfMeasure>100 מ"ל</UnitOfMeasure>
      <QtyInPackage>1</QtyInPackage>
      <ItemPrice>16.90</ItemPrice>
      <UnitOfMeasurePrice>5.12</UnitOfMeasurePrice>
      <AllowDiscount>1</AllowDiscount>
      <ItemStatus>1</ItemStatus>
    </Item>
    <Item>
      <PriceUpdateDate>2024-11-21 16:53</PriceUpdateDate>
      <ItemCode>7290013442062</ItemCode>
      <ItemType>1</ItemType>
      <ItemName>יוגורט 600 גר</ItemName>
      <ManufacturerName>לא ידוע</ManufacturerName>
      <ManufactureCountry>לא ידוע</ManufactureCountry>
      <ManufacturerItemDescription>יוגורט 600 גר       </ManufacturerItemDescription>
      <UnitQty>גרמים</UnitQty>
      <Quantity>600.00</Quantity>
      <bIsWeighted>0</bIsWeighted>
      <UnitOfMeasure>100 גרם</UnitOfMeasure>
      <QtyInPackage>1</QtyInPackage>
      <ItemPrice>25.90</ItemPrice>
      <UnitOfMeasurePrice>4.32</UnitOfMeasurePrice>
      <AllowDiscount>1</AllowDiscount>
      <ItemStatus>1</ItemStatus>
    </Item>
    <Item>
      <PriceUpdateDate>2025-03-03 07:05</PriceUpdateDate>
      <ItemCode>7290013442246</ItemCode>
      <ItemType>1</ItemType>
      <ItemName>לבנה 250 גר</ItemName>
      <ManufacturerName>לא ידוע</ManufacturerName>
      <ManufactureCountry>לא ידוע</ManufactureCountry>
      <ManufacturerItemDescription>לבנה 250 גר         </ManufacturerItemDescription>
      <UnitQty>גרמים</UnitQty>
      <Quantity>250.00</Quantity>
      <bIsWeighted>0</bIsWeighted>
      <UnitOfMeasure>100 גרם</UnitOfMeasure>
      <QtyInPackage>1</QtyInPackage>
      <ItemPrice>19.90</ItemPrice>
      <UnitOfMeasurePrice>7.96</UnitOfMeasurePrice>
      <AllowDiscount>1</AllowDiscount>
      <ItemStatus>1</ItemStatus>
    </Item>
    <Item>
      <PriceUpdateDate>2025-03-03 07:05</PriceUpdateDate>
      <ItemCode>7290013442277</ItemCode>
      <ItemType>1</ItemType>
      <ItemName>גבינת פטה 250 גר</ItemName>
      <ManufacturerName>לא ידוע</ManufacturerName>
      <ManufactureCountry>לא ידוע</ManufactureCountry>
      <ManufacturerItemDescription>גבינת פטה 250 גר    </ManufacturerItemDescription>
      <UnitQty>גרמים</UnitQty>
      <Quantity>250.00</Quantity>
      <bIsWeighted>0</bIsWeighted>
      <UnitOfMeasure>100 גרם</UnitOfMeasure>
      <QtyInPackage>1</QtyInPackage>
      <ItemPrice>36.90</ItemPrice>
      <UnitOfMeasurePrice>14.76</UnitOfMeasurePrice>
      <AllowDiscount>1</AllowDiscount>
      <ItemStatus>1</ItemStatus>
    </Item>
    <Item>
      <PriceUpdateDate>2025-03-03 07:05</PriceUpdateDate>
      <ItemCode>7290013442291</ItemCode>
      <ItemType>1</ItemType>
      <ItemName>קממבר רגיל 140 גר</ItemName>
      <ManufacturerName>לא ידוע</ManufacturerName>
      <ManufactureCountry>לא ידוע</ManufactureCountry>
      <ManufacturerItemDescription>קממבר רגיל 140 גר   </ManufacturerItemDescription>
      <UnitQty>גרמים</UnitQty>
      <Quantity>140.00</Quantity>
      <bIsWeighted>0</bIsWeighted>
      <UnitOfMeasure>100 גרם</UnitOfMeasure>
      <QtyInPackage>1</QtyInPackage>
      <ItemPrice>29.90</ItemPrice>
      <UnitOfMeasurePrice>21.36</UnitOfMeasurePrice>
      <AllowDiscount>1</AllowDiscount>
      <ItemStatus>1</ItemStatus>
    </Item>
    <Item>
      <PriceUpdateDate>2025-03-03 07:05</PriceUpdateDate>
      <ItemCode>7290013442314</ItemCode>
      <ItemType>1</ItemType>
      <ItemName>גבינת סנט מור 150 גר</ItemName>
      <ManufacturerName>לא ידוע</ManufacturerName>
      <ManufactureCountry>לא ידוע</ManufactureCountry>
      <ManufacturerItemDescription>גבינת סנט מור 150 גר</ManufacturerItemDescription>
      <UnitQty>גרמים</UnitQty>
      <Quantity>150.00</Quantity>
      <bIsWeighted>0</bIsWeighted>
      <UnitOfMeasure>100 גרם</UnitOfMeasure>
      <QtyInPackage>1</QtyInPackage>
      <ItemPrice>34.90</ItemPrice>
      <UnitOfMeasurePrice>23.27</UnitOfMeasurePrice>
      <AllowDiscount>1</AllowDiscount>
      <ItemStatus>1</ItemStatus>
    </Item>
    <Item>
      <PriceUpdateDate>2025-03-03 07:05</PriceUpdateDate>
      <ItemCode>7290013442345</ItemCode>
      <ItemType>1</ItemType>
      <ItemName>גבינה ארוטן כמהין עובש כמהין 150 גר</ItemName>
      <ManufacturerName>לא ידוע</ManufacturerName>
      <ManufactureCountry>לא ידוע</ManufactureCountry>
      <ManufacturerItemDescription>גבינה ארוטן כמהין עו</ManufacturerItemDescription>
      <UnitQty>גרמים</UnitQty>
      <Quantity>150.00</Quantity>
      <bIsWeighted>0</bIsWeighted>
      <UnitOfMeasure>100 גרם</UnitOfMeasure>
      <QtyInPackage>1</QtyInPackage>
      <ItemPrice>34.90</ItemPrice>
      <UnitOfMeasurePrice>23.27</UnitOfMeasurePrice>
      <AllowDiscount>1</AllowDiscount>
      <ItemStatus>1</ItemStatus>
    </Item>
    <Item>
      <PriceUpdateDate>2025-03-03 07:05</PriceUpdateDate>
      <ItemCode>7290013442352</ItemCode>
      <ItemType>1</ItemType>
      <ItemName>ברי פקאן 23% שומן 140 גרם</ItemName>
      <ManufacturerName>לא ידוע</ManufacturerName>
      <ManufactureCountry>לא ידוע</ManufactureCountry>
      <ManufacturerItemDescription>ברי פקאן 23% שומן 14</ManufacturerItemDescription>
      <UnitQty>גרמים</UnitQty>
      <Quantity>140.00</Quantity>
      <bIsWeighted>0</bIsWeighted>
      <UnitOfMeasure>100 גרם</UnitOfMeasure>
      <QtyInPackage>1</QtyInPackage>
      <ItemPrice>29.90</ItemPrice>
      <UnitOfMeasurePrice>21.36</UnitOfMeasurePrice>
      <AllowDiscount>1</AllowDiscount>
      <ItemStatus>1</ItemStatus>
    </Item>
    <Item>
      <PriceUpdateDate>2025-05-23 08:05</PriceUpdateDate>
      <ItemCode>7290013472199</ItemCode>
      <ItemType>1</ItemType>
      <ItemName>ערמונים קלופים וקלויים 105 גרם</ItemName>
      <ManufacturerName>לא ידוע</ManufacturerName>
      <ManufactureCountry>לא ידוע</ManufactureCountry>
      <ManufacturerItemDescription>ערמונים קלופים וקלוי</ManufacturerItemDescription>
      <UnitQty>גרמים</UnitQty>
      <Quantity>105.00</Quantity>
      <bIsWeighted>0</bIsWeighted>
      <UnitOfMeasure>100 גרם</UnitOfMeasure>
      <QtyInPackage>1</QtyInPackage>
      <ItemPrice>6.90</ItemPrice>
      <UnitOfMeasurePrice>6.57</UnitOfMeasurePrice>
      <AllowDiscount>1</AllowDiscount>
      <ItemStatus>1</ItemStatus>
    </Item>
    <Item>
      <PriceUpdateDate>2025-03-14 17:56</PriceUpdateDate>
      <ItemCode>7290013531117</ItemCode>
      <ItemType>1</ItemType>
      <ItemName>רוטב לפסטה קידס 260 גר יכין</ItemName>
      <ManufacturerName>לא ידוע</ManufacturerName>
      <ManufactureCountry>לא ידוע</ManufactureCountry>
      <ManufacturerItemDescription>רוטב לפסטה קידס 260 </ManufacturerItemDescription>
      <UnitQty>מיליליטרים</UnitQty>
      <Quantity>260.00</Quantity>
      <bIsWeighted>0</bIsWeighted>
      <UnitOfMeasure>100 מ"ל</UnitOfMeasure>
      <QtyInPackage>1</QtyInPackage>
      <ItemPrice>8.50</ItemPrice>
      <UnitOfMeasurePrice>3.27</UnitOfMeasurePrice>
      <AllowDiscount>1</AllowDiscount>
      <ItemStatus>1</ItemStatus>
    </Item>
    <Item>
      <PriceUpdateDate>2025-03-25 07:05</PriceUpdateDate>
      <ItemCode>7290013542236</ItemCode>
      <ItemType>1</ItemType>
      <ItemName>כוסות ח.פ 100 יח    </ItemName>
      <ManufacturerName>לא ידוע</ManufacturerName>
      <ManufactureCountry>טורקיה</ManufactureCountry>
      <ManufacturerItemDescription>כוסות ח.פ 100 יח    </ManufacturerItemDescription>
      <UnitQty>יחידה</UnitQty>
      <Quantity>1.00</Quantity>
      <bIsWeighted>0</bIsWeighted>
      <UnitOfMeasure>יחידה</UnitOfMeasure>
      <QtyInPackage>1</QtyInPackage>
      <ItemPrice>8.20</ItemPrice>
      <UnitOfMeasurePrice>8.20</UnitOfMeasurePrice>
      <AllowDiscount>1</AllowDiscount>
      <ItemStatus>1</ItemStatus>
    </Item>
    <Item>
      <PriceUpdateDate>2025-03-20 12:20</PriceUpdateDate>
      <ItemCode>7290013542342</ItemCode>
      <ItemType>1</ItemType>
      <ItemName>נייר אפיה ביתי  50 י</ItemName>
      <ManufacturerName>לא ידוע</ManufacturerName>
      <ManufactureCountry>צרפת</ManufactureCountry>
      <ManufacturerItemDescription>נייר אפיה ביתי  50 י</ManufacturerItemDescription>
      <UnitQty>Unknown</UnitQty>
      <Quantity>1.00</Quantity>
      <bIsWeighted>0</bIsWeighted>
      <UnitOfMeasure>Unknown</UnitOfMeasure>
      <QtyInPackage>1</QtyInPackage>
      <ItemPrice>12.50</ItemPrice>
      <UnitOfMeasurePrice>12.50</UnitOfMeasurePrice>
      <AllowDiscount>1</AllowDiscount>
      <ItemStatus>1</ItemStatus>
    </Item>
    <Item>
      <PriceUpdateDate>2021-08-01 23:50</PriceUpdateDate>
      <ItemCode>7290013542427</ItemCode>
      <ItemType>1</ItemType>
      <ItemName>שיפוד במבוק מובחר 10</ItemName>
      <ManufacturerName>לא ידוע</ManufacturerName>
      <ManufactureCountry>סין</ManufactureCountry>
      <ManufacturerItemDescription>שיפוד במבוק מובחר 10</ManufacturerItemDescription>
      <UnitQty>Unknown</UnitQty>
      <Quantity>1.00</Quantity>
      <bIsWeighted>0</bIsWeighted>
      <UnitOfMeasure>Unknown</UnitOfMeasure>
      <QtyInPackage>1</QtyInPackage>
      <ItemPrice>2.90</ItemPrice>
      <UnitOfMeasurePrice>2.90</UnitOfMeasurePrice>
      <AllowDiscount>1</AllowDiscount>
      <ItemStatus>1</ItemStatus>
    </Item>
    <Item>
      <PriceUpdateDate>2025-03-25 07:08</PriceUpdateDate>
      <ItemCode>7290013542526</ItemCode>
      <ItemType>1</ItemType>
      <ItemName>כוסות לשתיה חמה 50 י</ItemName>
      <ManufacturerName>לא ידוע</ManufacturerName>
      <ManufactureCountry>סין</ManufactureCountry>
      <ManufacturerItemDescription>כוסות לשתיה חמה 50 י</ManufacturerItemDescription>
      <UnitQty>יחידה</UnitQty>
      <Quantity>1.00</Quantity>
      <bIsWeighted>0</bIsWeighted>
      <UnitOfMeasure>יחידה</UnitOfMeasure>
      <QtyInPackage>1</QtyInPackage>
      <ItemPrice>12.10</ItemPrice>
      <UnitOfMeasurePrice>12.10</UnitOfMeasurePrice>
      <AllowDiscount>1</AllowDiscount>
      <ItemStatus>1</ItemStatus>
    </Item>
    <Item>
      <PriceUpdateDate>2025-08-22 12:44</PriceUpdateDate>
      <ItemCode>7290013542540</ItemCode>
      <ItemType>1</ItemType>
      <ItemName>תבניות אלומיניום 799</ItemName>
      <ManufacturerName>לא ידוע</ManufacturerName>
      <ManufactureCountry>סין</ManufactureCountry>
      <ManufacturerItemDescription>תבניות אלומיניום 799</ManufacturerItemDescription>
      <UnitQty>Unknown</UnitQty>
      <Quantity>1.00</Quantity>
      <bIsWeighted>0</bIsWeighted>
      <UnitOfMeasure>Unknown</UnitOfMeasure>
      <QtyInPackage>1</QtyInPackage>
      <ItemPrice>11.50</ItemPrice>
      <UnitOfMeasurePrice>11.50</UnitOfMeasurePrice>
      <AllowDiscount>1</AllowDiscount>
      <ItemStatus>1</ItemStatus>
    </Item>
    <Item>
      <PriceUpdateDate>2025-08-22 12:44</PriceUpdateDate>
      <ItemCode>7290013542588</ItemCode>
      <ItemType>1</ItemType>
      <ItemName>תבניות אלומיניום 7  </ItemName>
      <ManufacturerName>לא ידוע</ManufacturerName>
      <ManufactureCountry>סין</ManufactureCountry>
      <ManufacturerItemDescription>תבניות אלומיניום 7  </ManufacturerItemDescription>
      <UnitQty>יחידה</UnitQty>
      <Quantity>1.00</Quantity>
      <bIsWeighted>0</bIsWeighted>
      <UnitOfMeasure>יחידה</UnitOfMeasure>
      <QtyInPackage>1</QtyInPackage>
      <ItemPrice>11.50</ItemPrice>
      <UnitOfMeasurePrice>11.50</UnitOfMeasurePrice>
      <AllowDiscount>1</AllowDiscount>
      <ItemStatus>1</ItemStatus>
    </Item>
    <Item>
      <PriceUpdateDate>2025-05-23 08:04</PriceUpdateDate>
      <ItemCode>7290013542847</ItemCode>
      <ItemType>1</ItemType>
      <ItemName>כוס בירה 0.5 מ"ל    </ItemName>
      <ManufacturerName>לא ידוע</ManufacturerName>
      <ManufactureCountry>טורקיה</ManufactureCountry>
      <ManufacturerItemDescription>כוס בירה 0.5 מ"ל    </ManufacturerItemDescription>
      <UnitQty>Unknown</UnitQty>
      <Quantity>0.00</Quantity>
      <bIsWeighted>0</bIsWeighted>
      <UnitOfMeasure>Unknown</UnitOfMeasure>
      <QtyInPackage>1</QtyInPackage>
      <ItemPrice>14.90</ItemPrice>
      <UnitOfMeasurePrice>14.90</UnitOfMeasurePrice>
      <AllowDiscount>1</AllowDiscount>
      <ItemStatus>1</ItemStatus>
    </Item>
    <Item>
      <PriceUpdateDate>2025-05-27 15:11</PriceUpdateDate>
      <ItemCode>7290013585233</ItemCode>
      <ItemType>1</ItemType>
      <ItemName>ספרייט ZERO פחית סליק 330 מ"ל</ItemName>
      <ManufacturerName>לא ידוע</ManufacturerName>
      <ManufactureCountry>לא ידוע</ManufactureCountry>
      <ManufacturerItemDescription>ספרייט ZERO פחית סלי</ManufacturerItemDescription>
      <UnitQty>מיליליטרים</UnitQty>
      <Quantity>330.00</Quantity>
      <bIsWeighted>0</bIsWeighted>
      <UnitOfMeasure>100 מ"ל</UnitOfMeasure>
      <QtyInPackage>1</QtyInPackage>
      <ItemPrice>6.20</ItemPrice>
      <UnitOfMeasurePrice>1.88</UnitOfMeasurePrice>
      <AllowDiscount>1</AllowDiscount>
      <ItemStatus>1</ItemStatus>
    </Item>
    <Item>
      <PriceUpdateDate>2025-05-27 15:12</PriceUpdateDate>
      <ItemCode>7290013585257</ItemCode>
      <ItemType>1</ItemType>
      <ItemName>ספרייט ZERO בקבוק 500 מ"ל</ItemName>
      <ManufacturerName>לא ידוע</ManufacturerName>
      <ManufactureCountry>לא ידוע</ManufactureCountry>
      <ManufacturerItemDescription>ספרייט ZERO בקבוק 50</ManufacturerItemDescription>
      <UnitQty>מיליליטרים</UnitQty>
      <Quantity>500.00</Quantity>
      <bIsWeighted>0</bIsWeighted>
      <UnitOfMeasure>100 מ"ל</UnitOfMeasure>
      <QtyInPackage>1</QtyInPackage>
      <ItemPrice>8.90</ItemPrice>
      <UnitOfMeasurePrice>1.78</UnitOfMeasurePrice>
      <AllowDiscount>1</AllowDiscount>
      <ItemStatus>1</ItemStatus>
    </Item>
    <Item>
      <PriceUpdateDate>2024-05-27 10:48</PriceUpdateDate>
      <ItemCode>7290013585394</ItemCode>
      <ItemType>1</ItemType>
      <ItemName>קוקה קולה 1 ליטר</ItemName>
      <ManufacturerName>לא ידוע</ManufacturerName>
      <ManufactureCountry>לא ידוע</ManufactureCountry>
      <ManufacturerItemDescription>קוקה קולה 1 ליטר    </ManufacturerItemDescription>
      <UnitQty>מיליליטרים</UnitQty>
      <Quantity>1000.00</Quantity>
      <bIsWeighted>0</bIsWeighted>
      <UnitOfMeasure>100 מ"ל</UnitOfMeasure>
      <QtyInPackage>1</QtyInPackage>
      <ItemPrice>7.20</ItemPrice>
      <UnitOfMeasurePrice>0.72</UnitOfMeasurePrice>
      <AllowDiscount>1</AllowDiscount>
      <ItemStatus>1</ItemStatus>
    </Item>
    <Item>
      <PriceUpdateDate>2025-05-27 15:12</PriceUpdateDate>
      <ItemCode>7290013585967</ItemCode>
      <ItemType>1</ItemType>
      <ItemName>מארז ספרייט זירו 6 * 330 פח Fridge- pack</ItemName>
      <ManufacturerName>לא ידוע</ManufacturerName>
      <ManufactureCountry>לא ידוע</ManufactureCountry>
      <ManufacturerItemDescription>מארז ספרייט זירו 6 *</ManufacturerItemDescription>
      <UnitQty>ליטרים</UnitQty>
      <Quantity>0.00</Quantity>
      <bIsWeighted>0</bIsWeighted>
      <UnitOfMeasure>ליטר</UnitOfMeasure>
      <QtyInPackage>1</QtyInPackage>
      <ItemPrice>26.90</ItemPrice>
      <UnitOfMeasurePrice>26.90</UnitOfMeasurePrice>
      <AllowDiscount>1</AllowDiscount>
      <ItemStatus>1</ItemStatus>
    </Item>
    <Item>
      <PriceUpdateDate>2025-06-25 06:24</PriceUpdateDate>
      <ItemCode>7290013608260</ItemCode>
      <ItemType>1</ItemType>
      <ItemName>מיץ רימונים 100% סחוט טרי פרימור 1 ל</ItemName>
      <ManufacturerName>לא ידוע</ManufacturerName>
      <ManufactureCountry>לא ידוע</ManufactureCountry>
      <ManufacturerItemDescription>מיץ רימונים 100% סחו</ManufacturerItemDescription>
      <UnitQty>מיליליטרים</UnitQty>
      <Quantity>1000.00</Quantity>
      <bIsWeighted>0</bIsWeighted>
      <UnitOfMeasure>100 מ"ל</UnitOfMeasure>
      <QtyInPackage>1</QtyInPackage>
      <ItemPrice>29.90</ItemPrice>
      <UnitOfMeasurePrice>2.99</UnitOfMeasurePrice>
      <AllowDiscount>1</AllowDiscount>
      <ItemStatus>1</ItemStatus>
    </Item>
    <Item>
      <PriceUpdateDate>2024-01-30 08:58</PriceUpdateDate>
      <ItemCode>7290013645050</ItemCode>
      <ItemType>1</ItemType>
      <ItemName>פירורי לחם שרהלה 300 גרם</ItemName>
      <ManufacturerName>לא ידוע</ManufacturerName>
      <ManufactureCountry>לא ידוע</ManufactureCountry>
      <ManufacturerItemDescription>פירורי לחם שרהלה 300</ManufacturerItemDescription>
      <UnitQty>גרמים</UnitQty>
      <Quantity>300.00</Quantity>
      <bIsWeighted>0</bIsWeighted>
      <UnitOfMeasure>100 גרם</UnitOfMeasure>
      <QtyInPackage>1</QtyInPackage>
      <ItemPrice>28.90</ItemPrice>
      <UnitOfMeasurePrice>9.63</UnitOfMeasurePrice>
      <AllowDiscount>1</AllowDiscount>
      <ItemStatus>1</ItemStatus>
    </Item>
    <Item>
      <PriceUpdateDate>2025-01-29 07:01</PriceUpdateDate>
      <ItemCode>7290013713094</ItemCode>
      <ItemType>1</ItemType>
      <ItemName>בירה I.P.A  גמס 330 מ"ל</ItemName>
      <ManufacturerName>לא ידוע</ManufacturerName>
      <ManufactureCountry>לא ידוע</ManufactureCountry>
      <ManufacturerItemDescription>בירה I.P.A  גמס 330 </ManufacturerItemDescription>
      <UnitQty>מיליליטרים</UnitQty>
      <Quantity>330.00</Quantity>
      <bIsWeighted>0</bIsWeighted>
      <UnitOfMeasure>100 מ"ל</UnitOfMeasure>
      <QtyInPackage>1</QtyInPackage>
      <ItemPrice>16.90</ItemPrice>
      <UnitOfMeasurePrice>5.12</UnitOfMeasurePrice>
      <AllowDiscount>1</AllowDiscount>
      <ItemStatus>1</ItemStatus>
    </Item>
    <Item>
      <PriceUpdateDate>2025-07-14 11:20</PriceUpdateDate>
      <ItemCode>7290013720313</ItemCode>
      <ItemType>1</ItemType>
      <ItemName>סורימי שרימפס 200 גר</ItemName>
      <ManufacturerName>לא ידוע</ManufacturerName>
      <ManufactureCountry>לא ידוע</ManufactureCountry>
      <ManufacturerItemDescription>סורימי שרימפס 200 גר</ManufacturerItemDescription>
      <UnitQty>גרמים</UnitQty>
      <Quantity>200.00</Quantity>
      <bIsWeighted>0</bIsWeighted>
      <UnitOfMeasure>100 גרם</UnitOfMeasure>
      <QtyInPackage>1</QtyInPackage>
      <ItemPrice>10.90</ItemPrice>
      <UnitOfMeasurePrice>5.45</UnitOfMeasurePrice>
      <AllowDiscount>1</AllowDiscount>
      <ItemStatus>1</ItemStatus>
    </Item>
    <Item>
      <PriceUpdateDate>2025-03-06 18:54</PriceUpdateDate>
      <ItemCode>7290013720436</ItemCode>
      <ItemType>1</ItemType>
      <ItemName>קרפלך בטעם ביתי קפוא 600 גר</ItemName>
      <ManufacturerName>לא ידוע</ManufacturerName>
      <ManufactureCountry>לא ידוע</ManufactureCountry>
      <ManufacturerItemDescription>קרפלך בטעם ביתי קפוא</ManufacturerItemDescription>
      <UnitQty>גרמים</UnitQty>
      <Quantity>600.00</Quantity>
      <bIsWeighted>0</bIsWeighted>
      <UnitOfMeasure>100 גרם</UnitOfMeasure>
      <QtyInPackage>1</QtyInPackage>
      <ItemPrice>33.90</ItemPrice>
      <UnitOfMeasurePrice>5.65</UnitOfMeasurePrice>
      <AllowDiscount>1</AllowDiscount>
      <ItemStatus>1</ItemStatus>
    </Item>
    <Item>
      <PriceUpdateDate>2025-08-13 14:50</PriceUpdateDate>
      <ItemCode>7290013720498</ItemCode>
      <ItemType>1</ItemType>
      <ItemName>פיין שרימפס מבושל 750 גר M</ItemName>
      <ManufacturerName>לא ידוע</ManufacturerName>
      <ManufactureCountry>לא ידוע</ManufactureCountry>
      <ManufacturerItemDescription>פיין שרימפס מבושל   </ManufacturerItemDescription>
      <UnitQty>גרמים</UnitQty>
      <Quantity>750.00</Quantity>
      <bIsWeighted>0</bIsWeighted>
      <UnitOfMeasure>100 גרם</UnitOfMeasure>
      <QtyInPackage>1</QtyInPackage>
      <ItemPrice>84.90</ItemPrice>
      <UnitOfMeasurePrice>11.32</UnitOfMeasurePrice>
      <AllowDiscount>1</AllowDiscount>
      <ItemStatus>1</ItemStatus>
    </Item>
    <Item>
      <PriceUpdateDate>2025-07-14 11:21</PriceUpdateDate>
      <ItemCode>7290013720771</ItemCode>
      <ItemType>1</ItemType>
      <ItemName>שרימפס בייבי 500 גרם קפוא</ItemName>
      <ManufacturerName>לא ידוע</ManufacturerName>
      <ManufactureCountry>לא ידוע</ManufactureCountry>
      <ManufacturerItemDescription>שרימפס בייבי 500 גרם</ManufacturerItemDescription>
      <UnitQty>גרמים</UnitQty>
      <Quantity>500.00</Quantity>
      <bIsWeighted>0</bIsWeighted>
      <UnitOfMeasure>100 גרם</UnitOfMeasure>
      <QtyInPackage>1</QtyInPackage>
      <ItemPrice>42.90</ItemPrice>
      <UnitOfMeasurePrice>8.58</UnitOfMeasurePrice>
      <AllowDiscount>1</AllowDiscount>
      <ItemStatus>1</ItemStatus>
    </Item>
    <Item>
      <PriceUpdateDate>2025-07-14 11:20</PriceUpdateDate>
      <ItemCode>7290013720818</ItemCode>
      <ItemType>1</ItemType>
      <ItemName>קלמרי שלם קפוא 1 ק"ג</ItemName>
      <ManufacturerName>לא ידוע</ManufacturerName>
      <ManufactureCountry>לא ידוע</ManufactureCountry>
      <ManufacturerItemDescription>קלמרי שלם קפוא 1 ק"ג</ManufacturerItemDescription>
      <UnitQty>קילוגרמים</UnitQty>
      <Quantity>0.00</Quantity>
      <bIsWeighted>0</bIsWeighted>
      <UnitOfMeasure>ק"ג</UnitOfMeasure>
      <QtyInPackage>1</QtyInPackage>
      <ItemPrice>109.90</ItemPrice>
      <UnitOfMeasurePrice>109.90</UnitOfMeasurePrice>
      <AllowDiscount>1</AllowDiscount>
      <ItemStatus>1</ItemStatus>
    </Item>
    <Item>
      <PriceUpdateDate>2024-06-22 18:52</PriceUpdateDate>
      <ItemCode>7290013720917</ItemCode>
      <ItemType>1</ItemType>
      <ItemName>אוזו פלומארי 700 מארז כוסות כשר</ItemName>
      <ManufacturerName>לא ידוע</ManufacturerName>
      <ManufactureCountry>לא ידוע</ManufactureCountry>
      <ManufacturerItemDescription>אוזו פלומארי 700 מ"ל</ManufacturerItemDescription>
      <UnitQty>מיליליטרים</UnitQty>
      <Quantity>700.00</Quantity>
      <bIsWeighted>0</bIsWeighted>
      <UnitOfMeasure>100 מ"ל</UnitOfMeasure>
      <QtyInPackage>1</QtyInPackage>
      <ItemPrice>98.90</ItemPrice>
      <UnitOfMeasurePrice>14.13</UnitOfMeasurePrice>
      <AllowDiscount>1</AllowDiscount>
      <ItemStatus>1</ItemStatus>
    </Item>
    <Item>
      <PriceUpdateDate>2024-11-17 13:15</PriceUpdateDate>
      <ItemCode>7290013720924</ItemCode>
      <ItemType>1</ItemType>
      <ItemName>ממרח פטה אווז 140 גר</ItemName>
      <ManufacturerName>לא ידוע</ManufacturerName>
      <ManufactureCountry>לא ידוע</ManufactureCountry>
      <ManufacturerItemDescription>ממרח פטה אווז 140 גר</ManufacturerItemDescription>
      <UnitQty>גרמים</UnitQty>
      <Quantity>140.00</Quantity>
      <bIsWeighted>0</bIsWeighted>
      <UnitOfMeasure>100 גרם</UnitOfMeasure>
      <QtyInPackage>1</QtyInPackage>
      <ItemPrice>17.90</ItemPrice>
      <UnitOfMeasurePrice>12.79</UnitOfMeasurePrice>
      <AllowDiscount>1</AllowDiscount>
      <ItemStatus>1</ItemStatus>
    </Item>
    <Item>
      <PriceUpdateDate>2025-07-21 13:09</PriceUpdateDate>
      <ItemCode>7290013721198</ItemCode>
      <ItemType>1</ItemType>
      <ItemName>פפרוני לפיצה 170 גרם מזרע</ItemName>
      <ManufacturerName>לא ידוע</ManufacturerName>
      <ManufactureCountry>IL</ManufactureCountry>
      <ManufacturerItemDescription>פפרוני לפיצה 170 גרם</ManufacturerItemDescription>
      <UnitQty>גרמים</UnitQty>
      <Quantity>170.00</Quantity>
      <bIsWeighted>0</bIsWeighted>
      <UnitOfMeasure>100 גרם</UnitOfMeasure>
      <QtyInPackage>1</QtyInPackage>
      <ItemPrice>24.90</ItemPrice>
      <UnitOfMeasurePrice>14.65</UnitOfMeasurePrice>
      <AllowDiscount>1</AllowDiscount>
      <ItemStatus>1</ItemStatus>
    </Item>
    <Item>
      <PriceUpdateDate>2025-01-29 07:01</PriceUpdateDate>
      <ItemCode>7290013787392</ItemCode>
      <ItemType>1</ItemType>
      <ItemName>רביולי גבינות 330 גרם</ItemName>
      <ManufacturerName>לא ידוע</ManufacturerName>
      <ManufactureCountry />
      <ManufacturerItemDescription>רביולי גבינות 330 גר</ManufacturerItemDescription>
      <UnitQty>גרמים</UnitQty>
      <Quantity>330.00</Quantity>
      <bIsWeighted>0</bIsWeighted>
      <UnitOfMeasure>100 גרם</UnitOfMeasure>
      <QtyInPackage>1</QtyInPackage>
      <ItemPrice>30.90</ItemPrice>
      <UnitOfMeasurePrice>9.36</UnitOfMeasurePrice>
      <AllowDiscount>1</AllowDiscount>
      <ItemStatus>1</ItemStatus>
    </Item>
    <Item>
      <PriceUpdateDate>2025-03-03 07:00</PriceUpdateDate>
      <ItemCode>7290013787422</ItemCode>
      <ItemType>1</ItemType>
      <ItemName>פלין פטריות בטעם כמהין 330 גרם</ItemName>
      <ManufacturerName>לא ידוע</ManufacturerName>
      <ManufactureCountry />
      <ManufacturerItemDescription>רביולי פלין פטריות  </ManufacturerItemDescription>
      <UnitQty>גרמים</UnitQty>
      <Quantity>330.00</Quantity>
      <bIsWeighted>0</bIsWeighted>
      <UnitOfMeasure>100 גרם</UnitOfMeasure>
      <QtyInPackage>1</QtyInPackage>
      <ItemPrice>39.90</ItemPrice>
      <UnitOfMeasurePrice>12.09</UnitOfMeasurePrice>
      <AllowDiscount>1</AllowDiscount>
      <ItemStatus>1</ItemStatus>
    </Item>
    <Item>
      <PriceUpdateDate>2025-10-23 05:41</PriceUpdateDate>
      <ItemCode>7290013816009</ItemCode>
      <ItemType>1</ItemType>
      <ItemName>שוקולד מריר 90% קקאו הולי קקאו 100 גרם</ItemName>
      <ManufacturerName>לא ידוע</ManufacturerName>
      <ManufactureCountry>IL</ManufactureCountry>
      <ManufacturerItemDescription>שוקולד מריר 90% קקאו</ManufacturerItemDescription>
      <UnitQty>גרמים</UnitQty>
      <Quantity>100.00</Quantity>
      <bIsWeighted>0</bIsWeighted>
      <UnitOfMeasure>100 גרם</UnitOfMeasure>
      <QtyInPackage>1</QtyInPackage>
      <ItemPrice>21.90</ItemPrice>
      <UnitOfMeasurePrice>21.90</UnitOfMeasurePrice>
      <AllowDiscount>1</AllowDiscount>
      <ItemStatus>1</ItemStatus>
    </Item>
    <Item>
      <PriceUpdateDate>2023-01-21 16:13</PriceUpdateDate>
      <ItemCode>7290013816221</ItemCode>
      <ItemType>1</ItemType>
      <ItemName>שוקולד ציפס 50% קקאו</ItemName>
      <ManufacturerName>לא ידוע</ManufacturerName>
      <ManufactureCountry>IL</ManufactureCountry>
      <ManufacturerItemDescription>שוקולד ציפס 50% קקאו</ManufacturerItemDescription>
      <UnitQty>גרמים</UnitQty>
      <Quantity>250.00</Quantity>
      <bIsWeighted>0</bIsWeighted>
      <UnitOfMeasure>100 גרם</UnitOfMeasure>
      <QtyInPackage>1</QtyInPackage>
      <ItemPrice>28.50</ItemPrice>
      <UnitOfMeasurePrice>11.40</UnitOfMeasurePrice>
      <AllowDiscount>1</AllowDiscount>
      <ItemStatus>1</ItemStatus>
    </Item>
    <Item>
      <PriceUpdateDate>2023-07-10 17:16</PriceUpdateDate>
      <ItemCode>7290013847454</ItemCode>
      <ItemType>1</ItemType>
      <ItemName>טונה סטארקיסט שמן קנולה רביעיות 4*160 גר</ItemName>
      <ManufacturerName>לא ידוע</ManufacturerName>
      <ManufactureCountry>לא ידוע</ManufactureCountry>
      <ManufacturerItemDescription>טונה סטארקיסט שמן קנ</ManufacturerItemDescription>
      <UnitQty>גרמים</UnitQty>
      <Quantity>640.00</Quantity>
      <bIsWeighted>0</bIsWeighted>
      <UnitOfMeasure>100 גרם</UnitOfMeasure>
      <QtyInPackage>1</QtyInPackage>
      <ItemPrice>26.90</ItemPrice>
      <UnitOfMeasurePrice>4.20</UnitOfMeasurePrice>
      <AllowDiscount>1</AllowDiscount>
      <ItemStatus>1</ItemStatus>
    </Item>
    <Item>
      <PriceUpdateDate>2023-07-10 17:15</PriceUpdateDate>
      <ItemCode>7290013847553</ItemCode>
      <ItemType>1</ItemType>
      <ItemName>סטארקיסט טונה רביעייה דלת נתרן מים 4*160</ItemName>
      <ManufacturerName>לא ידוע</ManufacturerName>
      <ManufactureCountry>לא ידוע</ManufactureCountry>
      <ManufacturerItemDescription>סטארקיסט טונה 4*160 </ManufacturerItemDescription>
      <UnitQty>גרמים</UnitQty>
      <Quantity>640.00</Quantity>
      <bIsWeighted>0</bIsWeighted>
      <UnitOfMeasure>100 גרם</UnitOfMeasure>
      <QtyInPackage>1</QtyInPackage>
      <ItemPrice>26.90</ItemPrice>
      <UnitOfMeasurePrice>4.20</UnitOfMeasurePrice>
      <AllowDiscount>1</AllowDiscount>
      <ItemStatus>1</ItemStatus>
    </Item>
    <Item>
      <PriceUpdateDate>2025-01-23 12:59</PriceUpdateDate>
      <ItemCode>7290013847645</ItemCode>
      <ItemType>1</ItemType>
      <ItemName>טונה בשמן זית סטארקיסט 80 גר*3 יח</ItemName>
      <ManufacturerName>לא ידוע</ManufacturerName>
      <ManufactureCountry>תאילנד</ManufactureCountry>
      <ManufacturerItemDescription>טונה בשמן זית סטארקי</ManufacturerItemDescription>
      <UnitQty>גרמים</UnitQty>
      <Quantity>240.00</Quantity>
      <bIsWeighted>0</bIsWeighted>
      <UnitOfMeasure>100 גרם</UnitOfMeasure>
      <QtyInPackage>1</QtyInPackage>
      <ItemPrice>21.90</ItemPrice>
      <UnitOfMeasurePrice>9.13</UnitOfMeasurePrice>
      <AllowDiscount>1</AllowDiscount>
      <ItemStatus>1</ItemStatus>
    </Item>
    <Item>
      <PriceUpdateDate>2025-03-25 07:08</PriceUpdateDate>
      <ItemCode>7290013847812</ItemCode>
      <ItemType>1</ItemType>
      <ItemName>טונה ילופין בשמן זית כתית מעולה 140 גרם</ItemName>
      <ManufacturerName>לא ידוע</ManufacturerName>
      <ManufactureCountry>לא ידוע</ManufactureCountry>
      <ManufacturerItemDescription>טונה ילופין בשמן זית</ManufacturerItemDescription>
      <UnitQty>גרמים</UnitQty>
      <Quantity>140.00</Quantity>
      <bIsWeighted>0</bIsWeighted>
      <UnitOfMeasure>100 גרם</UnitOfMeasure>
      <QtyInPackage>1</QtyInPackage>
      <ItemPrice>14.20</ItemPrice>
      <UnitOfMeasurePrice>10.14</UnitOfMeasurePrice>
      <AllowDiscount>1</AllowDiscount>
      <ItemStatus>1</ItemStatus>
    </Item>
    <Item>
      <PriceUpdateDate>2025-03-25 07:08</PriceUpdateDate>
      <ItemCode>7290013903273</ItemCode>
      <ItemType>1</ItemType>
      <ItemName>אדממה אורגני קפוא 400 גר</ItemName>
      <ManufacturerName>לא ידוע</ManufacturerName>
      <ManufactureCountry>סין</ManufactureCountry>
      <ManufacturerItemDescription>אדממה אורגני קפוא 40</ManufacturerItemDescription>
      <UnitQty>גרמים</UnitQty>
      <Quantity>400.00</Quantity>
      <bIsWeighted>0</bIsWeighted>
      <UnitOfMeasure>100 גרם</UnitOfMeasure>
      <QtyInPackage>1</QtyInPackage>
      <ItemPrice>15.50</ItemPrice>
      <UnitOfMeasurePrice>3.88</UnitOfMeasurePrice>
      <AllowDiscount>1</AllowDiscount>
      <ItemStatus>1</ItemStatus>
    </Item>
    <Item>
      <PriceUpdateDate>2024-04-03 18:15</PriceUpdateDate>
      <ItemCode>7290013903310</ItemCode>
      <ItemType>1</ItemType>
      <ItemName>טופו אורגני 2 יח 500 גר</ItemName>
      <ManufacturerName>לא ידוע</ManufacturerName>
      <ManufactureCountry>IL</ManufactureCountry>
      <ManufacturerItemDescription>טופו אורגני 2 יח 500</ManufacturerItemDescription>
      <UnitQty>גרמים</UnitQty>
      <Quantity>500.00</Quantity>
      <bIsWeighted>0</bIsWeighted>
      <UnitOfMeasure>100 גרם</UnitOfMeasure>
      <QtyInPackage>1</QtyInPackage>
      <ItemPrice>23.90</ItemPrice>
      <UnitOfMeasurePrice>4.78</UnitOfMeasurePrice>
      <AllowDiscount>1</AllowDiscount>
      <ItemStatus>1</ItemStatus>
    </Item>
    <Item>
      <PriceUpdateDate>2024-04-20 09:08</PriceUpdateDate>
      <ItemCode>7290013903327</ItemCode>
      <ItemType>1</ItemType>
      <ItemName>טופו טבעי 2 יח 500 גר</ItemName>
      <ManufacturerName>לא ידוע</ManufacturerName>
      <ManufactureCountry>IL</ManufactureCountry>
      <ManufacturerItemDescription>טופו טבעי 2 יח 500 ג</ManufacturerItemDescription>
      <UnitQty>גרמים</UnitQty>
      <Quantity>500.00</Quantity>
      <bIsWeighted>0</bIsWeighted>
      <UnitOfMeasure>100 גרם</UnitOfMeasure>
      <QtyInPackage>1</QtyInPackage>
      <ItemPrice>19.90</ItemPrice>
      <UnitOfMeasurePrice>3.98</UnitOfMeasurePrice>
      <AllowDiscount>1</AllowDiscount>
      <ItemStatus>1</ItemStatus>
    </Item>
    <Item>
      <PriceUpdateDate>2024-02-04 10:56</PriceUpdateDate>
      <ItemCode>7290013903389</ItemCode>
      <ItemType>1</ItemType>
      <ItemName>שעועית ירוקה קפואה אורגני 500 גרם</ItemName>
      <ManufacturerName>לא ידוע</ManufacturerName>
      <ManufactureCountry>סין</ManufactureCountry>
      <ManufacturerItemDescription>שעועית ירוקה קפואה א</ManufacturerItemDescription>
      <UnitQty>גרמים</UnitQty>
      <Quantity>500.00</Quantity>
      <bIsWeighted>0</bIsWeighted>
      <UnitOfMeasure>100 גרם</UnitOfMeasure>
      <QtyInPackage>1</QtyInPackage>
      <ItemPrice>17.40</ItemPrice>
      <UnitOfMeasurePrice>3.48</UnitOfMeasurePrice>
      <AllowDiscount>1</AllowDiscount>
      <ItemStatus>1</ItemStatus>
    </Item>
    <Item>
      <PriceUpdateDate>2025-03-25 07:07</PriceUpdateDate>
      <ItemCode>7290013903464</ItemCode>
      <ItemType>1</ItemType>
      <ItemName>פולי סויה קלופים מוקפאים אורגני 500 גרם</ItemName>
      <ManufacturerName>לא ידוע</ManufacturerName>
      <ManufactureCountry>סין</ManufactureCountry>
      <ManufacturerItemDescription>פולי סויה קלופים מוק</ManufacturerItemDescription>
      <UnitQty>גרמים</UnitQty>
      <Quantity>500.00</Quantity>
      <bIsWeighted>0</bIsWeighted>
      <UnitOfMeasure>100 גרם</UnitOfMeasure>
      <QtyInPackage>1</QtyInPackage>
      <ItemPrice>20.50</ItemPrice>
      <UnitOfMeasurePrice>4.10</UnitOfMeasurePrice>
      <AllowDiscount>1</AllowDiscount>
      <ItemStatus>1</ItemStatus>
    </Item>
    <Item>
      <PriceUpdateDate>2025-01-15 10:18</PriceUpdateDate>
      <ItemCode>7290013906052</ItemCode>
      <ItemType>1</ItemType>
      <ItemName>נקניקיות פרגיות 300 גרםטירת צבי</ItemName>
      <ManufacturerName>לא ידוע</ManufacturerName>
      <ManufactureCountry>לא ידוע</ManufactureCountry>
      <ManufacturerItemDescription>נקניקיות פרגיות     </ManufacturerItemDescription>
      <UnitQty>גרמים</UnitQty>
      <Quantity>300.00</Quantity>
      <bIsWeighted>0</bIsWeighted>
      <UnitOfMeasure>100 גרם</UnitOfMeasure>
      <QtyInPackage>1</QtyInPackage>
      <ItemPrice>16.90</ItemPrice>
      <UnitOfMeasurePrice>5.63</UnitOfMeasurePrice>
      <AllowDiscount>1</AllowDiscount>
      <ItemStatus>1</ItemStatus>
    </Item>
    <Item>
      <PriceUpdateDate>2023-07-11 13:11</PriceUpdateDate>
      <ItemCode>7290013906205</ItemCode>
      <ItemType>1</ItemType>
      <ItemName>פסטרמה שום וצילי 400 גרםטירת צבי</ItemName>
      <ManufacturerName>לא ידוע</ManufacturerName>
      <ManufactureCountry>לא ידוע</ManufactureCountry>
      <ManufacturerItemDescription>פסטרמה שום וצילי    </ManufacturerItemDescription>
      <UnitQty>גרמים</UnitQty>
      <Quantity>400.00</Quantity>
      <bIsWeighted>0</bIsWeighted>
      <UnitOfMeasure>100 גרם</UnitOfMeasure>
      <QtyInPackage>1</QtyInPackage>
      <ItemPrice>34.90</ItemPrice>
      <UnitOfMeasurePrice>8.73</UnitOfMeasurePrice>
      <AllowDiscount>1</AllowDiscount>
      <ItemStatus>1</ItemStatus>
    </Item>
    <Item>
      <PriceUpdateDate>2025-01-29 07:01</PriceUpdateDate>
      <ItemCode>7290013906441</ItemCode>
      <ItemType>1</ItemType>
      <ItemName>קבנוס טירת צבי 120 גר</ItemName>
      <ManufacturerName>לא ידוע</ManufacturerName>
      <ManufactureCountry>לא ידוע</ManufactureCountry>
      <ManufacturerItemDescription>קבנוס טירת צבי 120 ג</ManufacturerItemDescription>
      <UnitQty>גרמים</UnitQty>
      <Quantity>120.00</Quantity>
      <bIsWeighted>0</bIsWeighted>
      <UnitOfMeasure>100 גרם</UnitOfMeasure>
      <QtyInPackage>1</QtyInPackage>
      <ItemPrice>13.90</ItemPrice>
      <UnitOfMeasurePrice>11.58</UnitOfMeasurePrice>
      <AllowDiscount>1</AllowDiscount>
      <ItemStatus>1</ItemStatus>
    </Item>
    <Item>
      <PriceUpdateDate>2025-01-29 07:01</PriceUpdateDate>
      <ItemCode>7290013906458</ItemCode>
      <ItemType>1</ItemType>
      <ItemName>קבנוס בטעם פיקנטי טירת צבי 120 גר</ItemName>
      <ManufacturerName>לא ידוע</ManufacturerName>
      <ManufactureCountry>לא ידוע</ManufactureCountry>
      <ManufacturerItemDescription>קבנוס בטעם פיקנטי טי</ManufacturerItemDescription>
      <UnitQty>גרמים</UnitQty>
      <Quantity>120.00</Quantity>
      <bIsWeighted>0</bIsWeighted>
      <UnitOfMeasure>100 גרם</UnitOfMeasure>
      <QtyInPackage>1</QtyInPackage>
      <ItemPrice>13.90</ItemPrice>
      <UnitOfMeasurePrice>11.58</UnitOfMeasurePrice>
      <AllowDiscount>1</AllowDiscount>
      <ItemStatus>1</ItemStatus>
    </Item>
    <Item>
      <PriceUpdateDate>2025-01-29 07:01</PriceUpdateDate>
      <ItemCode>7290013906489</ItemCode>
      <ItemType>1</ItemType>
      <ItemName>חטיפי קבנוס טירת צבי 120 גר</ItemName>
      <ManufacturerName>לא ידוע</ManufacturerName>
      <ManufactureCountry>לא ידוע</ManufactureCountry>
      <ManufacturerItemDescription>חטיפי קבנוס טירת צבי</ManufacturerItemDescription>
      <UnitQty>גרמים</UnitQty>
      <Quantity>120.00</Quantity>
      <bIsWeighted>0</bIsWeighted>
      <UnitOfMeasure>100 גרם</UnitOfMeasure>
      <QtyInPackage>1</QtyInPackage>
      <ItemPrice>13.90</ItemPrice>
      <UnitOfMeasurePrice>11.58</UnitOfMeasurePrice>
      <AllowDiscount>1</AllowDiscount>
      <ItemStatus>1</ItemStatus>
    </Item>
    <Item>
      <PriceUpdateDate>2024-05-20 11:35</PriceUpdateDate>
      <ItemCode>7290013906496</ItemCode>
      <ItemType>1</ItemType>
      <ItemName>פסטרמה עגל בסגנון רומני טירת צבי 120 גר</ItemName>
      <ManufacturerName>לא ידוע</ManufacturerName>
      <ManufactureCountry>לא ידוע</ManufactureCountry>
      <ManufacturerItemDescription>פסטרמה עגל בסגנון רו</ManufacturerItemDescription>
      <UnitQty>גרמים</UnitQty>
      <Quantity>120.00</Quantity>
      <bIsWeighted>0</bIsWeighted>
      <UnitOfMeasure>100 גרם</UnitOfMeasure>
      <QtyInPackage>1</QtyInPackage>
      <ItemPrice>22.90</ItemPrice>
      <UnitOfMeasurePrice>19.08</UnitOfMeasurePrice>
      <AllowDiscount>1</AllowDiscount>
      <ItemStatus>1</ItemStatus>
    </Item>
    <Item>
      <PriceUpdateDate>2025-01-29 07:01</PriceUpdateDate>
      <ItemCode>7290014002203</ItemCode>
      <ItemType>1</ItemType>
      <ItemName>חליטת קמומיל ולואיזה 25 שק הגן הקסום</ItemName>
      <ManufacturerName>לא ידוע</ManufacturerName>
      <ManufactureCountry>לא ידוע</ManufactureCountry>
      <ManufacturerItemDescription>חליטת קמומיל ולואיזה</ManufacturerItemDescription>
      <UnitQty>Unknown</UnitQty>
      <Quantity>0.00</Quantity>
      <bIsWeighted>0</bIsWeighted>
      <UnitOfMeasure>Unknown</UnitOfMeasure>
      <QtyInPackage>1</QtyInPackage>
      <ItemPrice>22.90</ItemPrice>
      <UnitOfMeasurePrice>22.90</UnitOfMeasurePrice>
      <AllowDiscount>1</AllowDiscount>
      <ItemStatus>1</ItemStatus>
    </Item>
    <Item>
      <PriceUpdateDate>2024-07-07 17:48</PriceUpdateDate>
      <ItemCode>7290014056053</ItemCode>
      <ItemType>1</ItemType>
      <ItemName>בירה שפירא אי פי אי 330 מ"ל</ItemName>
      <ManufacturerName>לא ידוע</ManufacturerName>
      <ManufactureCountry>ישראל</ManufactureCountry>
      <ManufacturerItemDescription>בירה שפירא אי פי אי </ManufacturerItemDescription>
      <UnitQty>מיליליטרים</UnitQty>
      <Quantity>330.00</Quantity>
      <bIsWeighted>0</bIsWeighted>
      <UnitOfMeasure>100 מ"ל</UnitOfMeasure>
      <QtyInPackage>1</QtyInPackage>
      <ItemPrice>15.50</ItemPrice>
      <UnitOfMeasurePrice>4.70</UnitOfMeasurePrice>
      <AllowDiscount>1</AllowDiscount>
      <ItemStatus>1</ItemStatus>
    </Item>
    <Item>
      <PriceUpdateDate>2025-08-13 14:51</PriceUpdateDate>
      <ItemCode>7290014066373</ItemCode>
      <ItemType>1</ItemType>
      <ItemName>לנדוור קפסולות אספרסו קלאסיק 10 יח</ItemName>
      <ManufacturerName>לא ידוע</ManufacturerName>
      <ManufactureCountry>לא ידוע</ManufactureCountry>
      <ManufacturerItemDescription>לנדוור קפסולות אספרס</ManufacturerItemDescription>
      <UnitQty>Unknown</UnitQty>
      <Quantity>0.00</Quantity>
      <bIsWeighted>0</bIsWeighted>
      <UnitOfMeasure>Unknown</UnitOfMeasure>
      <QtyInPackage>1</QtyInPackage>
      <ItemPrice>24.90</ItemPrice>
      <UnitOfMeasurePrice>24.90</UnitOfMeasurePrice>
      <AllowDiscount>1</AllowDiscount>
      <ItemStatus>1</ItemStatus>
    </Item>
    <Item>
      <PriceUpdateDate>2025-06-25 06:22</PriceUpdateDate>
      <ItemCode>7290014066441</ItemCode>
      <ItemType>1</ItemType>
      <ItemName>לנדוור קפסולות אספרסו נטול קפאין 10 יח</ItemName>
      <ManufacturerName>לא ידוע</ManufacturerName>
      <ManufactureCountry />
      <ManufacturerItemDescription>לנדוור קפסולות אספרס</ManufacturerItemDescription>
      <UnitQty>Unknown</UnitQty>
      <Quantity>0.00</Quantity>
      <bIsWeighted>0</bIsWeighted>
      <UnitOfMeasure>Unknown</UnitOfMeasure>
      <QtyInPackage>1</QtyInPackage>
      <ItemPrice>24.90</ItemPrice>
      <UnitOfMeasurePrice>24.90</UnitOfMeasurePrice>
      <AllowDiscount>1</AllowDiscount>
      <ItemStatus>1</ItemStatus>
    </Item>
    <Item>
      <PriceUpdateDate>2024-10-23 11:09</PriceUpdateDate>
      <ItemCode>7290014079335</ItemCode>
      <ItemType>1</ItemType>
      <ItemName>אנדיב לבן</ItemName>
      <ManufacturerName>לא ידוע</ManufacturerName>
      <ManufactureCountry>לא ידוע</ManufactureCountry>
      <ManufacturerItemDescription>אנדיב לבן           </ManufacturerItemDescription>
      <UnitQty>Unknown</UnitQty>
      <Quantity>0.00</Quantity>
      <bIsWeighted>0</bIsWeighted>
      <UnitOfMeasure>Unknown</UnitOfMeasure>
      <QtyInPackage>1</QtyInPackage>
      <ItemPrice>16.90</ItemPrice>
      <UnitOfMeasurePrice>16.90</UnitOfMeasurePrice>
      <AllowDiscount>1</AllowDiscount>
      <ItemStatus>1</ItemStatus>
    </Item>
    <Item>
      <PriceUpdateDate>2025-01-14 08:31</PriceUpdateDate>
      <ItemCode>7290014083479</ItemCode>
      <ItemType>1</ItemType>
      <ItemName>גבינה גאודה 27% 150 גר</ItemName>
      <ManufacturerName>לא ידוע</ManufacturerName>
      <ManufactureCountry>לא ידוע</ManufactureCountry>
      <ManufacturerItemDescription>גבינה גאודה 29% 150 </ManufacturerItemDescription>
      <UnitQty>גרמים</UnitQty>
      <Quantity>150.00</Quantity>
      <bIsWeighted>0</bIsWeighted>
      <UnitOfMeasure>100 גרם</UnitOfMeasure>
      <QtyInPackage>1</QtyInPackage>
      <ItemPrice>13.90</ItemPrice>
      <UnitOfMeasurePrice>9.27</UnitOfMeasurePrice>
      <AllowDiscount>1</AllowDiscount>
      <ItemStatus>1</ItemStatus>
    </Item>
    <Item>
      <PriceUpdateDate>2025-03-11 08:20</PriceUpdateDate>
      <ItemCode>7290014094338</ItemCode>
      <ItemType>1</ItemType>
      <ItemName>דלעת מקולפת 250 גר</ItemName>
      <ManufacturerName>לא ידוע</ManufacturerName>
      <ManufactureCountry>לא ידוע</ManufactureCountry>
      <ManufacturerItemDescription>דלעת מקולפת 200 גר  </ManufacturerItemDescription>
      <UnitQty>גרמים</UnitQty>
      <Quantity>200.00</Quantity>
      <bIsWeighted>0</bIsWeighted>
      <UnitOfMeasure>100 גרם</UnitOfMeasure>
      <QtyInPackage>1</QtyInPackage>
      <ItemPrice>29.90</ItemPrice>
      <UnitOfMeasurePrice>14.95</UnitOfMeasurePrice>
      <AllowDiscount>1</AllowDiscount>
      <ItemStatus>1</ItemStatus>
    </Item>
    <Item>
      <PriceUpdateDate>2025-03-25 07:07</PriceUpdateDate>
      <ItemCode>7290014094345</ItemCode>
      <ItemType>1</ItemType>
      <ItemName>חמניה מקולפת 300 גר</ItemName>
      <ManufacturerName>לא ידוע</ManufacturerName>
      <ManufactureCountry>לא ידוע</ManufactureCountry>
      <ManufacturerItemDescription>חמניה מקולפת 200 גר </ManufacturerItemDescription>
      <UnitQty>גרמים</UnitQty>
      <Quantity>200.00</Quantity>
      <bIsWeighted>0</bIsWeighted>
      <UnitOfMeasure>100 גרם</UnitOfMeasure>
      <QtyInPackage>1</QtyInPackage>
      <ItemPrice>15.20</ItemPrice>
      <UnitOfMeasurePrice>7.60</UnitOfMeasurePrice>
      <AllowDiscount>1</AllowDiscount>
      <ItemStatus>1</ItemStatus>
    </Item>
    <Item>
      <PriceUpdateDate>2025-12-21 08:59</PriceUpdateDate>
      <ItemCode>7290014094352</ItemCode>
      <ItemType>1</ItemType>
      <ItemName>אגוזי מלך  200 גר</ItemName>
      <ManufacturerName>לא ידוע</ManufacturerName>
      <ManufactureCountry>לא ידוע</ManufactureCountry>
      <ManufacturerItemDescription>אגוזי מלך  200 גר   </ManufacturerItemDescription>
      <UnitQty>גרמים</UnitQty>
      <Quantity>200.00</Quantity>
      <bIsWeighted>0</bIsWeighted>
      <UnitOfMeasure>100 גרם</UnitOfMeasure>
      <QtyInPackage>1</QtyInPackage>
      <ItemPrice>23.90</ItemPrice>
      <UnitOfMeasurePrice>11.95</UnitOfMeasurePrice>
      <AllowDiscount>1</AllowDiscount>
      <ItemStatus>1</ItemStatus>
    </Item>
    <Item>
      <PriceUpdateDate>2025-03-25 07:08</PriceUpdateDate>
      <ItemCode>7290014094369</ItemCode>
      <ItemType>1</ItemType>
      <ItemName>שקד טבעי  200 גר קופסא ששון הקולה</ItemName>
      <ManufacturerName>לא ידוע</ManufacturerName>
      <ManufactureCountry>לא ידוע</ManufactureCountry>
      <ManufacturerItemDescription>שקד טבעי  200 גר קופ</ManufacturerItemDescription>
      <UnitQty>גרמים</UnitQty>
      <Quantity>200.00</Quantity>
      <bIsWeighted>0</bIsWeighted>
      <UnitOfMeasure>100 גרם</UnitOfMeasure>
      <QtyInPackage>1</QtyInPackage>
      <ItemPrice>29.90</ItemPrice>
      <UnitOfMeasurePrice>14.95</UnitOfMeasurePrice>
      <AllowDiscount>1</AllowDiscount>
      <ItemStatus>1</ItemStatus>
    </Item>
    <Item>
      <PriceUpdateDate>2025-03-25 07:07</PriceUpdateDate>
      <ItemCode>7290014094406</ItemCode>
      <ItemType>1</ItemType>
      <ItemName>צימוק לבן 330 גר</ItemName>
      <ManufacturerName>לא ידוע</ManufacturerName>
      <ManufactureCountry>לא ידוע</ManufactureCountry>
      <ManufacturerItemDescription>צימוק לבן 250 גר    </ManufacturerItemDescription>
      <UnitQty>גרמים</UnitQty>
      <Quantity>250.00</Quantity>
      <bIsWeighted>0</bIsWeighted>
      <UnitOfMeasure>100 גרם</UnitOfMeasure>
      <QtyInPackage>1</QtyInPackage>
      <ItemPrice>24.90</ItemPrice>
      <UnitOfMeasurePrice>9.96</UnitOfMeasurePrice>
      <AllowDiscount>1</AllowDiscount>
      <ItemStatus>1</ItemStatus>
    </Item>
    <Item>
      <PriceUpdateDate>2025-03-11 08:20</PriceUpdateDate>
      <ItemCode>7290014094642</ItemCode>
      <ItemType>1</ItemType>
      <ItemName>קשיו טבעי גדול  250 גר</ItemName>
      <ManufacturerName>לא ידוע</ManufacturerName>
      <ManufactureCountry>לא ידוע</ManufactureCountry>
      <ManufacturerItemDescription>קשיו טבעי גדול 200 ג</ManufacturerItemDescription>
      <UnitQty>גרמים</UnitQty>
      <Quantity>200.00</Quantity>
      <bIsWeighted>0</bIsWeighted>
      <UnitOfMeasure>100 גרם</UnitOfMeasure>
      <QtyInPackage>1</QtyInPackage>
      <ItemPrice>28.90</ItemPrice>
      <UnitOfMeasurePrice>14.45</UnitOfMeasurePrice>
      <AllowDiscount>1</AllowDiscount>
      <ItemStatus>1</ItemStatus>
    </Item>
    <Item>
      <PriceUpdateDate>2025-12-21 08:59</PriceUpdateDate>
      <ItemCode>7290014094857</ItemCode>
      <ItemType>1</ItemType>
      <ItemName>פקאן סיני מסוכר 150 גרם ששון הקולה</ItemName>
      <ManufacturerName>לא ידוע</ManufacturerName>
      <ManufactureCountry>לא ידוע</ManufactureCountry>
      <ManufacturerItemDescription>פקאן סיני מסוכר 150 </ManufacturerItemDescription>
      <UnitQty>גרמים</UnitQty>
      <Quantity>150.00</Quantity>
      <bIsWeighted>0</bIsWeighted>
      <UnitOfMeasure>100 גרם</UnitOfMeasure>
      <QtyInPackage>1</QtyInPackage>
      <ItemPrice>27.90</ItemPrice>
      <UnitOfMeasurePrice>18.60</UnitOfMeasurePrice>
      <AllowDiscount>1</AllowDiscount>
      <ItemStatus>1</ItemStatus>
    </Item>
    <Item>
      <PriceUpdateDate>2025-03-25 06:54</PriceUpdateDate>
      <ItemCode>7290014094864</ItemCode>
      <ItemType>1</ItemType>
      <ItemName>פיסטוק קלוי 170 גר עם קליפה ששון הקולה</ItemName>
      <ManufacturerName>לא ידוע</ManufacturerName>
      <ManufactureCountry>ישראל</ManufactureCountry>
      <ManufacturerItemDescription>פיסטוק קלוי 150 גר ע</ManufacturerItemDescription>
      <UnitQty>גרמים</UnitQty>
      <Quantity>150.00</Quantity>
      <bIsWeighted>0</bIsWeighted>
      <UnitOfMeasure>100 גרם</UnitOfMeasure>
      <QtyInPackage>1</QtyInPackage>
      <ItemPrice>24.90</ItemPrice>
      <UnitOfMeasurePrice>16.60</UnitOfMeasurePrice>
      <AllowDiscount>1</AllowDiscount>
      <ItemStatus>1</ItemStatus>
    </Item>
    <Item>
      <PriceUpdateDate>2025-03-25 07:05</PriceUpdateDate>
      <ItemCode>7290014094895</ItemCode>
      <ItemType>1</ItemType>
      <ItemName>אגוזים מלך קלופים 150 גרם ששון הקולה</ItemName>
      <ManufacturerName>לא ידוע</ManufacturerName>
      <ManufactureCountry>לא ידוע</ManufactureCountry>
      <ManufacturerItemDescription>אגוזי מלך קלופים 150</ManufacturerItemDescription>
      <UnitQty>גרמים</UnitQty>
      <Quantity>150.00</Quantity>
      <bIsWeighted>0</bIsWeighted>
      <UnitOfMeasure>100 גרם</UnitOfMeasure>
      <QtyInPackage>1</QtyInPackage>
      <ItemPrice>16.90</ItemPrice>
      <UnitOfMeasurePrice>11.27</UnitOfMeasurePrice>
      <AllowDiscount>1</AllowDiscount>
      <ItemStatus>1</ItemStatus>
    </Item>
    <Item>
      <PriceUpdateDate>2025-03-25 07:06</PriceUpdateDate>
      <ItemCode>7290014095960</ItemCode>
      <ItemType>1</ItemType>
      <ItemName>שיבולת שועל עבה 400 גרם קוואקר</ItemName>
      <ManufacturerName>לא ידוע</ManufacturerName>
      <ManufactureCountry>לא ידוע</ManufactureCountry>
      <ManufacturerItemDescription>שיבולת שועל עבה 400 </ManufacturerItemDescription>
      <UnitQty>גרמים</UnitQty>
      <Quantity>400.00</Quantity>
      <bIsWeighted>0</bIsWeighted>
      <UnitOfMeasure>100 גרם</UnitOfMeasure>
      <QtyInPackage>1</QtyInPackage>
      <ItemPrice>9.50</ItemPrice>
      <UnitOfMeasurePrice>2.38</UnitOfMeasurePrice>
      <AllowDiscount>1</AllowDiscount>
      <ItemStatus>1</ItemStatus>
    </Item>
    <Item>
      <PriceUpdateDate>2024-05-20 11:36</PriceUpdateDate>
      <ItemCode>7290014218932</ItemCode>
      <ItemType>1</ItemType>
      <ItemName>חטיפי פיצה זיתים 710 גר</ItemName>
      <ManufacturerName>לא ידוע</ManufacturerName>
      <ManufactureCountry>ישראל</ManufactureCountry>
      <ManufacturerItemDescription>חטיפי פיצה זיתים    </ManufacturerItemDescription>
      <UnitQty>גרמים</UnitQty>
      <Quantity>710.00</Quantity>
      <bIsWeighted>0</bIsWeighted>
      <UnitOfMeasure>100 גרם</UnitOfMeasure>
      <QtyInPackage>1</QtyInPackage>
      <ItemPrice>39.90</ItemPrice>
      <UnitOfMeasurePrice>5.62</UnitOfMeasurePrice>
      <AllowDiscount>1</AllowDiscount>
      <ItemStatus>1</ItemStatus>
    </Item>
    <Item>
      <PriceUpdateDate>2025-03-25 07:06</PriceUpdateDate>
      <ItemCode>7290014318113</ItemCode>
      <ItemType>1</ItemType>
      <ItemName>ניוקי תפו"א ללא גלוטן 500 גרם</ItemName>
      <ManufacturerName>לא ידוע</ManufacturerName>
      <ManufactureCountry>לא ידוע</ManufactureCountry>
      <ManufacturerItemDescription>ניוקי תפוא ללא גלוטן</ManufacturerItemDescription>
      <UnitQty>גרמים</UnitQty>
      <Quantity>500.00</Quantity>
      <bIsWeighted>0</bIsWeighted>
      <UnitOfMeasure>100 גרם</UnitOfMeasure>
      <QtyInPackage>1</QtyInPackage>
      <ItemPrice>27.90</ItemPrice>
      <UnitOfMeasurePrice>5.58</UnitOfMeasurePrice>
      <AllowDiscount>1</AllowDiscount>
      <ItemStatus>1</ItemStatus>
    </Item>
    <Item>
      <PriceUpdateDate>2024-02-04 10:52</PriceUpdateDate>
      <ItemCode>7290014318250</ItemCode>
      <ItemType>1</ItemType>
      <ItemName>פולנטה איטלקית קלאסית 1 ק"ג</ItemName>
      <ManufacturerName>לא ידוע</ManufacturerName>
      <ManufactureCountry>לא ידוע</ManufactureCountry>
      <ManufacturerItemDescription>פולנטה איטלקית קלאסי</ManufacturerItemDescription>
      <UnitQty>גרמים</UnitQty>
      <Quantity>1000.00</Quantity>
      <bIsWeighted>0</bIsWeighted>
      <UnitOfMeasure>100 גרם</UnitOfMeasure>
      <QtyInPackage>1</QtyInPackage>
      <ItemPrice>19.90</ItemPrice>
      <UnitOfMeasurePrice>1.99</UnitOfMeasurePrice>
      <AllowDiscount>1</AllowDiscount>
      <ItemStatus>1</ItemStatus>
    </Item>
    <Item>
      <PriceUpdateDate>2025-01-29 07:01</PriceUpdateDate>
      <ItemCode>7290014435704</ItemCode>
      <ItemType>1</ItemType>
      <ItemName>סלמון מעושן 100 גר</ItemName>
      <ManufacturerName>לא ידוע</ManufacturerName>
      <ManufactureCountry>לא ידוע</ManufactureCountry>
      <ManufacturerItemDescription>סלמון מעושן 100 גר  </ManufacturerItemDescription>
      <UnitQty>גרמים</UnitQty>
      <Quantity>100.00</Quantity>
      <bIsWeighted>0</bIsWeighted>
      <UnitOfMeasure>100 גרם</UnitOfMeasure>
      <QtyInPackage>1</QtyInPackage>
      <ItemPrice>26.90</ItemPrice>
      <UnitOfMeasurePrice>26.90</UnitOfMeasurePrice>
      <AllowDiscount>1</AllowDiscount>
      <ItemStatus>1</ItemStatus>
    </Item>
    <Item>
      <PriceUpdateDate>2025-01-15 10:18</PriceUpdateDate>
      <ItemCode>7290014440104</ItemCode>
      <ItemType>1</ItemType>
      <ItemName>יין מדבר שרדונה  סדרה 22 750 מ"ל</ItemName>
      <ManufacturerName>לא ידוע</ManufacturerName>
      <ManufactureCountry>IL</ManufactureCountry>
      <ManufacturerItemDescription>יין מדבר שרדונה  סדר</ManufacturerItemDescription>
      <UnitQty>מיליליטרים</UnitQty>
      <Quantity>750.00</Quantity>
      <bIsWeighted>0</bIsWeighted>
      <UnitOfMeasure>100 מ"ל</UnitOfMeasure>
      <QtyInPackage>1</QtyInPackage>
      <ItemPrice>49.90</ItemPrice>
      <UnitOfMeasurePrice>6.65</UnitOfMeasurePrice>
      <AllowDiscount>1</AllowDiscount>
      <ItemStatus>1</ItemStatus>
    </Item>
    <Item>
      <PriceUpdateDate>2025-07-14 11:21</PriceUpdateDate>
      <ItemCode>7290014440418</ItemCode>
      <ItemType>1</ItemType>
      <ItemName>יין מדבר כתום  סדרה 22 2023 750 מ"ל</ItemName>
      <ManufacturerName>לא ידוע</ManufacturerName>
      <ManufactureCountry>IL</ManufactureCountry>
      <ManufacturerItemDescription>יין מדבר כתום סדרה  </ManufacturerItemDescription>
      <UnitQty>מיליליטרים</UnitQty>
      <Quantity>750.00</Quantity>
      <bIsWeighted>0</bIsWeighted>
      <UnitOfMeasure>100 מ"ל</UnitOfMeasure>
      <QtyInPackage>1</QtyInPackage>
      <ItemPrice>49.90</ItemPrice>
      <UnitOfMeasurePrice>6.65</UnitOfMeasurePrice>
      <AllowDiscount>1</AllowDiscount>
      <ItemStatus>1</ItemStatus>
    </Item>
    <Item>
      <PriceUpdateDate>2025-01-15 10:18</PriceUpdateDate>
      <ItemCode>7290014440432</ItemCode>
      <ItemType>1</ItemType>
      <ItemName>יין מדבר רוזה  סדרה 22 2023 750 מ"ל</ItemName>
      <ManufacturerName>לא ידוע</ManufacturerName>
      <ManufactureCountry>IL</ManufactureCountry>
      <ManufacturerItemDescription>יין מדבר רוזה       </ManufacturerItemDescription>
      <UnitQty>מיליליטרים</UnitQty>
      <Quantity>750.00</Quantity>
      <bIsWeighted>0</bIsWeighted>
      <UnitOfMeasure>100 מ"ל</UnitOfMeasure>
      <QtyInPackage>1</QtyInPackage>
      <ItemPrice>49.90</ItemPrice>
      <UnitOfMeasurePrice>6.65</UnitOfMeasurePrice>
      <AllowDiscount>1</AllowDiscount>
      <ItemStatus>1</ItemStatus>
    </Item>
    <Item>
      <PriceUpdateDate>2025-01-15 10:17</PriceUpdateDate>
      <ItemCode>7290014440616</ItemCode>
      <ItemType>1</ItemType>
      <ItemName>יקב מדבר סדרה 22סוביניון בלאן 2023 750מל</ItemName>
      <ManufacturerName>לא ידוע</ManufacturerName>
      <ManufactureCountry>IL</ManufactureCountry>
      <ManufacturerItemDescription>יקב מדבר סדרה 22 סוב</ManufacturerItemDescription>
      <UnitQty>מיליליטרים</UnitQty>
      <Quantity>750.00</Quantity>
      <bIsWeighted>0</bIsWeighted>
      <UnitOfMeasure>100 מ"ל</UnitOfMeasure>
      <QtyInPackage>1</QtyInPackage>
      <ItemPrice>49.90</ItemPrice>
      <UnitOfMeasurePrice>6.65</UnitOfMeasurePrice>
      <AllowDiscount>1</AllowDiscount>
      <ItemStatus>1</ItemStatus>
    </Item>
    <Item>
      <PriceUpdateDate>2025-01-15 10:18</PriceUpdateDate>
      <ItemCode>7290014440845</ItemCode>
      <ItemType>1</ItemType>
      <ItemName>יקב מדבר סדרה 22 ק.סוביניון 2023 750 מ"ל</ItemName>
      <ManufacturerName>לא ידוע</ManufacturerName>
      <ManufactureCountry>IL</ManufactureCountry>
      <ManufacturerItemDescription>יקב מדבר קברנה סובני</ManufacturerItemDescription>
      <UnitQty>מיליליטרים</UnitQty>
      <Quantity>750.00</Quantity>
      <bIsWeighted>0</bIsWeighted>
      <UnitOfMeasure>100 מ"ל</UnitOfMeasure>
      <QtyInPackage>1</QtyInPackage>
      <ItemPrice>49.90</ItemPrice>
      <UnitOfMeasurePrice>6.65</UnitOfMeasurePrice>
      <AllowDiscount>1</AllowDiscount>
      <ItemStatus>1</ItemStatus>
    </Item>
    <Item>
      <PriceUpdateDate>2025-01-15 10:17</PriceUpdateDate>
      <ItemCode>7290014440913</ItemCode>
      <ItemType>1</ItemType>
      <ItemName>יקב מדבר סדרה 22 קברנה פרנק 2023 750 מ</ItemName>
      <ManufacturerName>לא ידוע</ManufacturerName>
      <ManufactureCountry>IL</ManufactureCountry>
      <ManufacturerItemDescription>יקב מדבר סדרה 22 קבר</ManufacturerItemDescription>
      <UnitQty>מיליליטרים</UnitQty>
      <Quantity>750.00</Quantity>
      <bIsWeighted>0</bIsWeighted>
      <UnitOfMeasure>100 מ"ל</UnitOfMeasure>
      <QtyInPackage>1</QtyInPackage>
      <ItemPrice>49.90</ItemPrice>
      <UnitOfMeasurePrice>6.65</UnitOfMeasurePrice>
      <AllowDiscount>1</AllowDiscount>
      <ItemStatus>1</ItemStatus>
    </Item>
    <Item>
      <PriceUpdateDate>2025-09-16 12:36</PriceUpdateDate>
      <ItemCode>7290014455245</ItemCode>
      <ItemType>1</ItemType>
      <ItemName>גרנה פדנו משולש 200 גרם</ItemName>
      <ManufacturerName>לא ידוע</ManufacturerName>
      <ManufactureCountry>איטליה</ManufactureCountry>
      <ManufacturerItemDescription>גרנה פדנו משולש 200 </ManufacturerItemDescription>
      <UnitQty>גרמים</UnitQty>
      <Quantity>200.00</Quantity>
      <bIsWeighted>0</bIsWeighted>
      <UnitOfMeasure>100 גרם</UnitOfMeasure>
      <QtyInPackage>1</QtyInPackage>
      <ItemPrice>35.50</ItemPrice>
      <UnitOfMeasurePrice>17.75</UnitOfMeasurePrice>
      <AllowDiscount>1</AllowDiscount>
      <ItemStatus>1</ItemStatus>
    </Item>
    <Item>
      <PriceUpdateDate>2025-09-16 12:37</PriceUpdateDate>
      <ItemCode>7290014455252</ItemCode>
      <ItemType>1</ItemType>
      <ItemName>גבינה גרנהפדנו מגורד 100 גר</ItemName>
      <ManufacturerName>לא ידוע</ManufacturerName>
      <ManufactureCountry>IT</ManufactureCountry>
      <ManufacturerItemDescription>גבינה גרנה פדנו     </ManufacturerItemDescription>
      <UnitQty>גרמים</UnitQty>
      <Quantity>100.00</Quantity>
      <bIsWeighted>0</bIsWeighted>
      <UnitOfMeasure>100 גרם</UnitOfMeasure>
      <QtyInPackage>1</QtyInPackage>
      <ItemPrice>17.90</ItemPrice>
      <UnitOfMeasurePrice>17.90</UnitOfMeasurePrice>
      <AllowDiscount>1</AllowDiscount>
      <ItemStatus>1</ItemStatus>
    </Item>
    <Item>
      <PriceUpdateDate>2025-09-16 12:36</PriceUpdateDate>
      <ItemCode>7290014455320</ItemCode>
      <ItemType>1</ItemType>
      <ItemName>כדור מוצרלה פרסקה 100 גר</ItemName>
      <ManufacturerName>לא ידוע</ManufacturerName>
      <ManufactureCountry>ישראל</ManufactureCountry>
      <ManufacturerItemDescription>כדור מוצרלה פרסקה 10</ManufacturerItemDescription>
      <UnitQty>גרמים</UnitQty>
      <Quantity>100.00</Quantity>
      <bIsWeighted>0</bIsWeighted>
      <UnitOfMeasure>100 גרם</UnitOfMeasure>
      <QtyInPackage>1</QtyInPackage>
      <ItemPrice>14.60</ItemPrice>
      <UnitOfMeasurePrice>14.60</UnitOfMeasurePrice>
      <AllowDiscount>1</AllowDiscount>
      <ItemStatus>1</ItemStatus>
    </Item>
    <Item>
      <PriceUpdateDate>2023-01-26 13:44</PriceUpdateDate>
      <ItemCode>7290014459137</ItemCode>
      <ItemType>1</ItemType>
      <ItemName>תפוגן סטייק ציפס 1.5 קג</ItemName>
      <ManufacturerName>לא ידוע</ManufacturerName>
      <ManufactureCountry>לא ידוע</ManufactureCountry>
      <ManufacturerItemDescription>תפוגן סטייק ציפס 1.5</ManufacturerItemDescription>
      <UnitQty>קילוגרמים</UnitQty>
      <Quantity>0.00</Quantity>
      <bIsWeighted>0</bIsWeighted>
      <UnitOfMeasure>ק"ג</UnitOfMeasure>
      <QtyInPackage>1</QtyInPackage>
      <ItemPrice>32.90</ItemPrice>
      <UnitOfMeasurePrice>32.90</UnitOfMeasurePrice>
      <AllowDiscount>1</AllowDiscount>
      <ItemStatus>1</ItemStatus>
    </Item>
    <Item>
      <PriceUpdateDate>2025-01-15 10:22</PriceUpdateDate>
      <ItemCode>7290014466890</ItemCode>
      <ItemType>1</ItemType>
      <ItemName>יין גמלא השמורה קברנה מרלו 2020 750 מ"ל</ItemName>
      <ManufacturerName>לא ידוע</ManufacturerName>
      <ManufactureCountry>לא ידוע</ManufactureCountry>
      <ManufacturerItemDescription>גמלא השמורה קברנה   </ManufacturerItemDescription>
      <UnitQty>Unknown</UnitQty>
      <Quantity>0.00</Quantity>
      <bIsWeighted>0</bIsWeighted>
      <UnitOfMeasure>Unknown</UnitOfMeasure>
      <QtyInPackage>1</QtyInPackage>
      <ItemPrice>74.90</ItemPrice>
      <UnitOfMeasurePrice>74.90</UnitOfMeasurePrice>
      <AllowDiscount>1</AllowDiscount>
      <ItemStatus>1</ItemStatus>
    </Item>
    <Item>
      <PriceUpdateDate>2025-03-11 08:09</PriceUpdateDate>
      <ItemCode>7290014471412</ItemCode>
      <ItemType>1</ItemType>
      <ItemName>מוזלי בוטנים אגוזים ושקדים 850 גרם ירוק</ItemName>
      <ManufacturerName>לא ידוע</ManufacturerName>
      <ManufactureCountry>לא ידוע</ManufactureCountry>
      <ManufacturerItemDescription>מוזלי בוטנים אגוזים </ManufacturerItemDescription>
      <UnitQty>גרמים</UnitQty>
      <Quantity>850.00</Quantity>
      <bIsWeighted>0</bIsWeighted>
      <UnitOfMeasure>100 גרם</UnitOfMeasure>
      <QtyInPackage>1</QtyInPackage>
      <ItemPrice>30.50</ItemPrice>
      <UnitOfMeasurePrice>3.59</UnitOfMeasurePrice>
      <AllowDiscount>1</AllowDiscount>
      <ItemStatus>1</ItemStatus>
    </Item>
    <Item>
      <PriceUpdateDate>2025-03-25 07:08</PriceUpdateDate>
      <ItemCode>7290014472235</ItemCode>
      <ItemType>1</ItemType>
      <ItemName>פקאן סיני מסוכר  200 גר</ItemName>
      <ManufacturerName>לא ידוע</ManufacturerName>
      <ManufactureCountry>לא ידוע</ManufactureCountry>
      <ManufacturerItemDescription>פקאן סיני מסוכר 200 </ManufacturerItemDescription>
      <UnitQty>גרמים</UnitQty>
      <Quantity>200.00</Quantity>
      <bIsWeighted>0</bIsWeighted>
      <UnitOfMeasure>100 גרם</UnitOfMeasure>
      <QtyInPackage>1</QtyInPackage>
      <ItemPrice>31.90</ItemPrice>
      <UnitOfMeasurePrice>15.95</UnitOfMeasurePrice>
      <AllowDiscount>1</AllowDiscount>
      <ItemStatus>1</ItemStatus>
    </Item>
    <Item>
      <PriceUpdateDate>2025-10-13 12:24</PriceUpdateDate>
      <ItemCode>7290014472471</ItemCode>
      <ItemType>1</ItemType>
      <ItemName>גרעינים שחור ענק 200 גר פרימיום</ItemName>
      <ManufacturerName>לא ידוע</ManufacturerName>
      <ManufactureCountry>לא ידוע</ManufactureCountry>
      <ManufacturerItemDescription>גרעיני חמניה קלויים </ManufacturerItemDescription>
      <UnitQty>גרמים</UnitQty>
      <Quantity>200.00</Quantity>
      <bIsWeighted>0</bIsWeighted>
      <UnitOfMeasure>100 גרם</UnitOfMeasure>
      <QtyInPackage>1</QtyInPackage>
      <ItemPrice>12.90</ItemPrice>
      <UnitOfMeasurePrice>6.45</UnitOfMeasurePrice>
      <AllowDiscount>1</AllowDiscount>
      <ItemStatus>1</ItemStatus>
    </Item>
    <Item>
      <PriceUpdateDate>2025-10-13 12:24</PriceUpdateDate>
      <ItemCode>7290014472488</ItemCode>
      <ItemType>1</ItemType>
      <ItemName>שקד קלוי ענק 250 גרם פרימיום ששון הקולה</ItemName>
      <ManufacturerName>לא ידוע</ManufacturerName>
      <ManufactureCountry>לא ידוע</ManufactureCountry>
      <ManufacturerItemDescription>שקד קלוי ענק 250 גרם</ManufacturerItemDescription>
      <UnitQty>גרמים</UnitQty>
      <Quantity>250.00</Quantity>
      <bIsWeighted>0</bIsWeighted>
      <UnitOfMeasure>100 גרם</UnitOfMeasure>
      <QtyInPackage>1</QtyInPackage>
      <ItemPrice>31.90</ItemPrice>
      <UnitOfMeasurePrice>12.76</UnitOfMeasurePrice>
      <AllowDiscount>1</AllowDiscount>
      <ItemStatus>1</ItemStatus>
    </Item>
    <Item>
      <PriceUpdateDate>2025-10-13 12:24</PriceUpdateDate>
      <ItemCode>7290014472495</ItemCode>
      <ItemType>1</ItemType>
      <ItemName>קשיו קלוי ענק 250 גר פרימיום ששון הקולה</ItemName>
      <ManufacturerName>לא ידוע</ManufacturerName>
      <ManufactureCountry>לא ידוע</ManufactureCountry>
      <ManufacturerItemDescription>קשיו קלוי ענק 250 גר</ManufacturerItemDescription>
      <UnitQty>גרמים</UnitQty>
      <Quantity>250.00</Quantity>
      <bIsWeighted>0</bIsWeighted>
      <UnitOfMeasure>100 גרם</UnitOfMeasure>
      <QtyInPackage>1</QtyInPackage>
      <ItemPrice>31.90</ItemPrice>
      <UnitOfMeasurePrice>12.76</UnitOfMeasurePrice>
      <AllowDiscount>1</AllowDiscount>
      <ItemStatus>1</ItemStatus>
    </Item>
    <Item>
      <PriceUpdateDate>2025-10-13 12:24</PriceUpdateDate>
      <ItemCode>7290014472501</ItemCode>
      <ItemType>1</ItemType>
      <ItemName>פיסטוק קלוי ענק 250 ג פרימיום ששון הקולה</ItemName>
      <ManufacturerName>לא ידוע</ManufacturerName>
      <ManufactureCountry>לא ידוע</ManufactureCountry>
      <ManufacturerItemDescription>פיסטוק קלוי ענק 250 </ManufacturerItemDescription>
      <UnitQty>גרמים</UnitQty>
      <Quantity>250.00</Quantity>
      <bIsWeighted>0</bIsWeighted>
      <UnitOfMeasure>100 גרם</UnitOfMeasure>
      <QtyInPackage>1</QtyInPackage>
      <ItemPrice>31.90</ItemPrice>
      <UnitOfMeasurePrice>12.76</UnitOfMeasurePrice>
      <AllowDiscount>1</AllowDiscount>
      <ItemStatus>1</ItemStatus>
    </Item>
    <Item>
      <PriceUpdateDate>2025-10-13 12:24</PriceUpdateDate>
      <ItemCode>7290014472518</ItemCode>
      <ItemType>1</ItemType>
      <ItemName>בוטן קלוי ענק 250 גר פרימיום ששון הקולה</ItemName>
      <ManufacturerName>לא ידוע</ManufacturerName>
      <ManufactureCountry>לא ידוע</ManufactureCountry>
      <ManufacturerItemDescription>בוטן קלוי ענק 250 גר</ManufacturerItemDescription>
      <UnitQty>גרמים</UnitQty>
      <Quantity>250.00</Quantity>
      <bIsWeighted>0</bIsWeighted>
      <UnitOfMeasure>100 גרם</UnitOfMeasure>
      <QtyInPackage>1</QtyInPackage>
      <ItemPrice>15.90</ItemPrice>
      <UnitOfMeasurePrice>6.36</UnitOfMeasurePrice>
      <AllowDiscount>1</AllowDiscount>
      <ItemStatus>1</ItemStatus>
    </Item>
    <Item>
      <PriceUpdateDate>2025-10-13 12:24</PriceUpdateDate>
      <ItemCode>7290014472525</ItemCode>
      <ItemType>1</ItemType>
      <ItemName>תערובת מובחרת 250 גר פרימיום ששון הקולה</ItemName>
      <ManufacturerName>לא ידוע</ManufacturerName>
      <ManufactureCountry>לא ידוע</ManufactureCountry>
      <ManufacturerItemDescription>תערובת מובחרת 250 גר</ManufacturerItemDescription>
      <UnitQty>גרמים</UnitQty>
      <Quantity>250.00</Quantity>
      <bIsWeighted>0</bIsWeighted>
      <UnitOfMeasure>100 גרם</UnitOfMeasure>
      <QtyInPackage>1</QtyInPackage>
      <ItemPrice>31.90</ItemPrice>
      <UnitOfMeasurePrice>12.76</UnitOfMeasurePrice>
      <AllowDiscount>1</AllowDiscount>
      <ItemStatus>1</ItemStatus>
    </Item>
    <Item>
      <PriceUpdateDate>2025-08-13 14:51</PriceUpdateDate>
      <ItemCode>7290014503137</ItemCode>
      <ItemType>1</ItemType>
      <ItemName>יין כנען אדום דלתון 750 מ"ל</ItemName>
      <ManufacturerName>לא ידוע</ManufacturerName>
      <ManufactureCountry>לא ידוע</ManufactureCountry>
      <ManufacturerItemDescription>יין כנען אדום דלתון </ManufacturerItemDescription>
      <UnitQty>Unknown</UnitQty>
      <Quantity>0.00</Quantity>
      <bIsWeighted>0</bIsWeighted>
      <UnitOfMeasure>Unknown</UnitOfMeasure>
      <QtyInPackage>1</QtyInPackage>
      <ItemPrice>54.90</ItemPrice>
      <UnitOfMeasurePrice>54.90</UnitOfMeasurePrice>
      <AllowDiscount>1</AllowDiscount>
      <ItemStatus>1</ItemStatus>
    </Item>
    <Item>
      <PriceUpdateDate>2025-08-13 14:50</PriceUpdateDate>
      <ItemCode>7290014503144</ItemCode>
      <ItemType>1</ItemType>
      <ItemName>יין כנען לבן דלתון 750 מל</ItemName>
      <ManufacturerName>לא ידוע</ManufacturerName>
      <ManufactureCountry>לא ידוע</ManufactureCountry>
      <ManufacturerItemDescription>יין כנען לבן דלתון 7</ManufacturerItemDescription>
      <UnitQty>Unknown</UnitQty>
      <Quantity>0.00</Quantity>
      <bIsWeighted>0</bIsWeighted>
      <UnitOfMeasure>Unknown</UnitOfMeasure>
      <QtyInPackage>1</QtyInPackage>
      <ItemPrice>54.90</ItemPrice>
      <UnitOfMeasurePrice>54.90</UnitOfMeasurePrice>
      <AllowDiscount>1</AllowDiscount>
      <ItemStatus>1</ItemStatus>
    </Item>
    <Item>
      <PriceUpdateDate>2025-08-13 14:51</PriceUpdateDate>
      <ItemCode>7290014503687</ItemCode>
      <ItemType>1</ItemType>
      <ItemName>פומה בלאן אסטייט דלתון 750 מ"ל</ItemName>
      <ManufacturerName>לא ידוע</ManufacturerName>
      <ManufactureCountry>לא ידוע</ManufactureCountry>
      <ManufacturerItemDescription>פומה בלאן אסטייט דלת</ManufacturerItemDescription>
      <UnitQty>Unknown</UnitQty>
      <Quantity>0.00</Quantity>
      <bIsWeighted>0</bIsWeighted>
      <UnitOfMeasure>Unknown</UnitOfMeasure>
      <QtyInPackage>1</QtyInPackage>
      <ItemPrice>72.90</ItemPrice>
      <UnitOfMeasurePrice>72.90</UnitOfMeasurePrice>
      <AllowDiscount>1</AllowDiscount>
      <ItemStatus>1</ItemStatus>
    </Item>
    <Item>
      <PriceUpdateDate>2022-06-30 10:09</PriceUpdateDate>
      <ItemCode>7290014525290</ItemCode>
      <ItemType>1</ItemType>
      <ItemName>חטיף מרבה סלים דליס קריספי תות 125 גר</ItemName>
      <ManufacturerName>לא ידוע</ManufacturerName>
      <ManufactureCountry>לא ידוע</ManufactureCountry>
      <ManufacturerItemDescription>חטיף מרבה סלים דליס </ManufacturerItemDescription>
      <UnitQty>גרמים</UnitQty>
      <Quantity>125.00</Quantity>
      <bIsWeighted>0</bIsWeighted>
      <UnitOfMeasure>100 גרם</UnitOfMeasure>
      <QtyInPackage>1</QtyInPackage>
      <ItemPrice>13.90</ItemPrice>
      <UnitOfMeasurePrice>11.12</UnitOfMeasurePrice>
      <AllowDiscount>1</AllowDiscount>
      <ItemStatus>1</ItemStatus>
    </Item>
    <Item>
      <PriceUpdateDate>2022-05-27 10:27</PriceUpdateDate>
      <ItemCode>7290014525306</ItemCode>
      <ItemType>1</ItemType>
      <ItemName>חטיף מרבה סלים דליס קריספי אוכמניות 125</ItemName>
      <ManufacturerName>לא ידוע</ManufacturerName>
      <ManufactureCountry>לא ידוע</ManufactureCountry>
      <ManufacturerItemDescription>חטיף מרבה סלים דליס </ManufacturerItemDescription>
      <UnitQty>גרמים</UnitQty>
      <Quantity>125.00</Quantity>
      <bIsWeighted>0</bIsWeighted>
      <UnitOfMeasure>100 גרם</UnitOfMeasure>
      <QtyInPackage>1</QtyInPackage>
      <ItemPrice>13.90</ItemPrice>
      <UnitOfMeasurePrice>11.12</UnitOfMeasurePrice>
      <AllowDiscount>1</AllowDiscount>
      <ItemStatus>1</ItemStatus>
    </Item>
    <Item>
      <PriceUpdateDate>2022-05-27 10:24</PriceUpdateDate>
      <ItemCode>7290014525313</ItemCode>
      <ItemType>1</ItemType>
      <ItemName>חטיף מרבה סלים דליס קריספי שוקולד 125 ג</ItemName>
      <ManufacturerName>לא ידוע</ManufacturerName>
      <ManufactureCountry>לא ידוע</ManufactureCountry>
      <ManufacturerItemDescription>חטיף מרבה סלים דליס </ManufacturerItemDescription>
      <UnitQty>גרמים</UnitQty>
      <Quantity>125.00</Quantity>
      <bIsWeighted>0</bIsWeighted>
      <UnitOfMeasure>100 גרם</UnitOfMeasure>
      <QtyInPackage>1</QtyInPackage>
      <ItemPrice>13.90</ItemPrice>
      <UnitOfMeasurePrice>11.12</UnitOfMeasurePrice>
      <AllowDiscount>1</AllowDiscount>
      <ItemStatus>1</ItemStatus>
    </Item>
    <Item>
      <PriceUpdateDate>2025-03-06 18:44</PriceUpdateDate>
      <ItemCode>7290014525672</ItemCode>
      <ItemType>1</ItemType>
      <ItemName>עוגיות סוכריות ש.חלב על חלל מרבה 140 גרם</ItemName>
      <ManufacturerName>לא ידוע</ManufacturerName>
      <ManufactureCountry>הולנד</ManufactureCountry>
      <ManufacturerItemDescription>עוגיות סוכריות ש.חלב</ManufacturerItemDescription>
      <UnitQty>גרמים</UnitQty>
      <Quantity>140.00</Quantity>
      <bIsWeighted>0</bIsWeighted>
      <UnitOfMeasure>100 גרם</UnitOfMeasure>
      <QtyInPackage>1</QtyInPackage>
      <ItemPrice>14.50</ItemPrice>
      <UnitOfMeasurePrice>10.36</UnitOfMeasurePrice>
      <AllowDiscount>1</AllowDiscount>
      <ItemStatus>1</ItemStatus>
    </Item>
    <Item>
      <PriceUpdateDate>2021-01-20 21:12</PriceUpdateDate>
      <ItemCode>7290014648296</ItemCode>
      <ItemType>1</ItemType>
      <ItemName>מקלוני צמר גפן LA BE</ItemName>
      <ManufacturerName>לא ידוע</ManufacturerName>
      <ManufactureCountry>סין</ManufactureCountry>
      <ManufacturerItemDescription>מקלוני צמר גפן LA BE</ManufacturerItemDescription>
      <UnitQty>Unknown</UnitQty>
      <Quantity>0.00</Quantity>
      <bIsWeighted>0</bIsWeighted>
      <UnitOfMeasure>Unknown</UnitOfMeasure>
      <QtyInPackage>1</QtyInPackage>
      <ItemPrice>1.90</ItemPrice>
      <UnitOfMeasurePrice>1.90</UnitOfMeasurePrice>
      <AllowDiscount>1</AllowDiscount>
      <ItemStatus>1</ItemStatus>
    </Item>
    <Item>
      <PriceUpdateDate>2025-03-11 08:11</PriceUpdateDate>
      <ItemCode>7290014673038</ItemCode>
      <ItemType>1</ItemType>
      <ItemName>תערובת עשבי תיבול טוסקנה 120 גרם</ItemName>
      <ManufacturerName>לא ידוע</ManufacturerName>
      <ManufactureCountry>IL</ManufactureCountry>
      <ManufacturerItemDescription>תערובת עשבי תיבול טו</ManufacturerItemDescription>
      <UnitQty>גרמים</UnitQty>
      <Quantity>120.00</Quantity>
      <bIsWeighted>0</bIsWeighted>
      <UnitOfMeasure>100 גרם</UnitOfMeasure>
      <QtyInPackage>1</QtyInPackage>
      <ItemPrice>15.90</ItemPrice>
      <UnitOfMeasurePrice>13.25</UnitOfMeasurePrice>
      <AllowDiscount>1</AllowDiscount>
      <ItemStatus>1</ItemStatus>
    </Item>
    <Item>
      <PriceUpdateDate>2025-03-11 08:29</PriceUpdateDate>
      <ItemCode>7290014692299</ItemCode>
      <ItemType>1</ItemType>
      <ItemName>גבינת ברי 125 גר</ItemName>
      <ManufacturerName>לא ידוע</ManufacturerName>
      <ManufactureCountry>לא ידוע</ManufactureCountry>
      <ManufacturerItemDescription>גבינת ברי 125 גר    </ManufacturerItemDescription>
      <UnitQty>גרמים</UnitQty>
      <Quantity>125.00</Quantity>
      <bIsWeighted>0</bIsWeighted>
      <UnitOfMeasure>100 גרם</UnitOfMeasure>
      <QtyInPackage>1</QtyInPackage>
      <ItemPrice>24.90</ItemPrice>
      <UnitOfMeasurePrice>19.92</UnitOfMeasurePrice>
      <AllowDiscount>1</AllowDiscount>
      <ItemStatus>1</ItemStatus>
    </Item>
    <Item>
      <PriceUpdateDate>2025-03-11 08:29</PriceUpdateDate>
      <ItemCode>7290014692305</ItemCode>
      <ItemType>1</ItemType>
      <ItemName>גבינת קממבר 125 גר</ItemName>
      <ManufacturerName>לא ידוע</ManufacturerName>
      <ManufactureCountry>לא ידוע</ManufactureCountry>
      <ManufacturerItemDescription>גבינת קממבר 125 גר  </ManufacturerItemDescription>
      <UnitQty>גרמים</UnitQty>
      <Quantity>125.00</Quantity>
      <bIsWeighted>0</bIsWeighted>
      <UnitOfMeasure>100 גרם</UnitOfMeasure>
      <QtyInPackage>1</QtyInPackage>
      <ItemPrice>24.90</ItemPrice>
      <UnitOfMeasurePrice>19.92</UnitOfMeasurePrice>
      <AllowDiscount>1</AllowDiscount>
      <ItemStatus>1</ItemStatus>
    </Item>
    <Item>
      <PriceUpdateDate>2025-03-25 06:58</PriceUpdateDate>
      <ItemCode>7290014692565</ItemCode>
      <ItemType>1</ItemType>
      <ItemName>גרעיני תירס מתוק וילי פוד 320 גרם</ItemName>
      <ManufacturerName>לא ידוע</ManufacturerName>
      <ManufactureCountry>הונגריה</ManufactureCountry>
      <ManufacturerItemDescription>גרעיני תירס מתוק ויל</ManufacturerItemDescription>
      <UnitQty>Unknown</UnitQty>
      <Quantity>0.00</Quantity>
      <bIsWeighted>0</bIsWeighted>
      <UnitOfMeasure>Unknown</UnitOfMeasure>
      <QtyInPackage>1</QtyInPackage>
      <ItemPrice>7.90</ItemPrice>
      <UnitOfMeasurePrice>7.90</UnitOfMeasurePrice>
      <AllowDiscount>1</AllowDiscount>
      <ItemStatus>1</ItemStatus>
    </Item>
    <Item>
      <PriceUpdateDate>2025-05-21 08:44</PriceUpdateDate>
      <ItemCode>7290014758100</ItemCode>
      <ItemType>1</ItemType>
      <ItemName>שמיניית מאגדת BIO יוגורט 3% 150 גרם</ItemName>
      <ManufacturerName>לא ידוע</ManufacturerName>
      <ManufactureCountry>לא ידוע</ManufactureCountry>
      <ManufacturerItemDescription>שמיניית מאגדת BIO   </ManufacturerItemDescription>
      <UnitQty>גרמים</UnitQty>
      <Quantity>150.00</Quantity>
      <bIsWeighted>0</bIsWeighted>
      <UnitOfMeasure>100 גרם</UnitOfMeasure>
      <QtyInPackage>1</QtyInPackage>
      <ItemPrice>19.80</ItemPrice>
      <UnitOfMeasurePrice>13.20</UnitOfMeasurePrice>
      <AllowDiscount>1</AllowDiscount>
      <ItemStatus>1</ItemStatus>
    </Item>
    <Item>
      <PriceUpdateDate>2025-05-23 08:10</PriceUpdateDate>
      <ItemCode>7290014758117</ItemCode>
      <ItemType>1</ItemType>
      <ItemName>שמיניית יוגורט ביו 1.5% 150 גרם</ItemName>
      <ManufacturerName>לא ידוע</ManufacturerName>
      <ManufactureCountry>לא ידוע</ManufactureCountry>
      <ManufacturerItemDescription>שמיניית יוגורט ביו  </ManufacturerItemDescription>
      <UnitQty>קילוגרמים</UnitQty>
      <Quantity>0.00</Quantity>
      <bIsWeighted>0</bIsWeighted>
      <UnitOfMeasure>ק"ג</UnitOfMeasure>
      <QtyInPackage>1</QtyInPackage>
      <ItemPrice>24.30</ItemPrice>
      <UnitOfMeasurePrice>24.30</UnitOfMeasurePrice>
      <AllowDiscount>1</AllowDiscount>
      <ItemStatus>1</ItemStatus>
    </Item>
    <Item>
      <PriceUpdateDate>2025-05-23 08:10</PriceUpdateDate>
      <ItemCode>7290014758162</ItemCode>
      <ItemType>1</ItemType>
      <ItemName>חלב עיזים מלא 3.6% שומן 1 ליטר</ItemName>
      <ManufacturerName>לא ידוע</ManufacturerName>
      <ManufactureCountry>לא ידוע</ManufactureCountry>
      <ManufacturerItemDescription>חלב עיזים מלא 3.6% ש</ManufacturerItemDescription>
      <UnitQty>מיליליטרים</UnitQty>
      <Quantity>1000.00</Quantity>
      <bIsWeighted>0</bIsWeighted>
      <UnitOfMeasure>100 מ"ל</UnitOfMeasure>
      <QtyInPackage>1</QtyInPackage>
      <ItemPrice>19.90</ItemPrice>
      <UnitOfMeasurePrice>1.99</UnitOfMeasurePrice>
      <AllowDiscount>1</AllowDiscount>
      <ItemStatus>1</ItemStatus>
    </Item>
    <Item>
      <PriceUpdateDate>2025-05-23 08:02</PriceUpdateDate>
      <ItemCode>7290014758681</ItemCode>
      <ItemType>1</ItemType>
      <ItemName>קוטג תנובה 1% 250 גרם</ItemName>
      <ManufacturerName>לא ידוע</ManufacturerName>
      <ManufactureCountry>לא ידוע</ManufactureCountry>
      <ManufacturerItemDescription>קוטג תנובה 1% 250 גר</ManufacturerItemDescription>
      <UnitQty>גרמים</UnitQty>
      <Quantity>250.00</Quantity>
      <bIsWeighted>0</bIsWeighted>
      <UnitOfMeasure>100 גרם</UnitOfMeasure>
      <QtyInPackage>1</QtyInPackage>
      <ItemPrice>6.70</ItemPrice>
      <UnitOfMeasurePrice>2.68</UnitOfMeasurePrice>
      <AllowDiscount>1</AllowDiscount>
      <ItemStatus>1</ItemStatus>
    </Item>
    <Item>
      <PriceUpdateDate>2025-05-23 08:04</PriceUpdateDate>
      <ItemCode>7290014759084</ItemCode>
      <ItemType>1</ItemType>
      <ItemName>נפוליאון מופחת שומן 16% 225 גר</ItemName>
      <ManufacturerName>לא ידוע</ManufacturerName>
      <ManufactureCountry>לא ידוע</ManufactureCountry>
      <ManufacturerItemDescription>נפוליאון מופחת שומן </ManufacturerItemDescription>
      <UnitQty>גרמים</UnitQty>
      <Quantity>225.00</Quantity>
      <bIsWeighted>0</bIsWeighted>
      <UnitOfMeasure>100 גרם</UnitOfMeasure>
      <QtyInPackage>1</QtyInPackage>
      <ItemPrice>16.90</ItemPrice>
      <UnitOfMeasurePrice>7.51</UnitOfMeasurePrice>
      <AllowDiscount>1</AllowDiscount>
      <ItemStatus>1</ItemStatus>
    </Item>
    <Item>
      <PriceUpdateDate>2025-05-23 08:10</PriceUpdateDate>
      <ItemCode>7290014759978</ItemCode>
      <ItemType>1</ItemType>
      <ItemName>קולאז קשקבל גלעד פלח 200 גר</ItemName>
      <ManufacturerName>לא ידוע</ManufacturerName>
      <ManufactureCountry>לא ידוע</ManufactureCountry>
      <ManufacturerItemDescription>קולאז קשקבל גלעד פלח</ManufacturerItemDescription>
      <UnitQty>גרמים</UnitQty>
      <Quantity>200.00</Quantity>
      <bIsWeighted>0</bIsWeighted>
      <UnitOfMeasure>100 גרם</UnitOfMeasure>
      <QtyInPackage>1</QtyInPackage>
      <ItemPrice>34.50</ItemPrice>
      <UnitOfMeasurePrice>17.25</UnitOfMeasurePrice>
      <AllowDiscount>1</AllowDiscount>
      <ItemStatus>1</ItemStatus>
    </Item>
    <Item>
      <PriceUpdateDate>2025-01-29 07:01</PriceUpdateDate>
      <ItemCode>7290014760141</ItemCode>
      <ItemType>1</ItemType>
      <ItemName>משקה שקדים טרי 1 ליטר</ItemName>
      <ManufacturerName>לא ידוע</ManufacturerName>
      <ManufactureCountry>לא ידוע</ManufactureCountry>
      <ManufacturerItemDescription>משקה שקדים טרי 1 ליט</ManufacturerItemDescription>
      <UnitQty>מיליליטרים</UnitQty>
      <Quantity>1000.00</Quantity>
      <bIsWeighted>0</bIsWeighted>
      <UnitOfMeasure>100 מ"ל</UnitOfMeasure>
      <QtyInPackage>1</QtyInPackage>
      <ItemPrice>15.90</ItemPrice>
      <UnitOfMeasurePrice>1.59</UnitOfMeasurePrice>
      <AllowDiscount>1</AllowDiscount>
      <ItemStatus>1</ItemStatus>
    </Item>
    <Item>
      <PriceUpdateDate>2025-05-23 08:10</PriceUpdateDate>
      <ItemCode>7290014760912</ItemCode>
      <ItemType>1</ItemType>
      <ItemName>מאגדת גוש חלב 28% 400 גר</ItemName>
      <ManufacturerName>לא ידוע</ManufacturerName>
      <ManufactureCountry>לא ידוע</ManufactureCountry>
      <ManufacturerItemDescription>מאגדת גוש חלב 28%   </ManufacturerItemDescription>
      <UnitQty>גרמים</UnitQty>
      <Quantity>400.00</Quantity>
      <bIsWeighted>0</bIsWeighted>
      <UnitOfMeasure>100 גרם</UnitOfMeasure>
      <QtyInPackage>1</QtyInPackage>
      <ItemPrice>32.40</ItemPrice>
      <UnitOfMeasurePrice>8.10</UnitOfMeasurePrice>
      <AllowDiscount>1</AllowDiscount>
      <ItemStatus>1</ItemStatus>
    </Item>
    <Item>
      <PriceUpdateDate>2025-03-20 09:45</PriceUpdateDate>
      <ItemCode>7290014762220</ItemCode>
      <ItemType>1</ItemType>
      <ItemName>גלי בטעם ענבים 125 גר</ItemName>
      <ManufacturerName>לא ידוע</ManufacturerName>
      <ManufactureCountry>לא ידוע</ManufactureCountry>
      <ManufacturerItemDescription>גלי בטעם ענבים 125 ג</ManufacturerItemDescription>
      <UnitQty>גרמים</UnitQty>
      <Quantity>125.00</Quantity>
      <bIsWeighted>0</bIsWeighted>
      <UnitOfMeasure>100 גרם</UnitOfMeasure>
      <QtyInPackage>1</QtyInPackage>
      <ItemPrice>3.10</ItemPrice>
      <UnitOfMeasurePrice>2.48</UnitOfMeasurePrice>
      <AllowDiscount>1</AllowDiscount>
      <ItemStatus>1</ItemStatus>
    </Item>
    <Item>
      <PriceUpdateDate>2025-05-23 08:04</PriceUpdateDate>
      <ItemCode>7290014762831</ItemCode>
      <ItemType>1</ItemType>
      <ItemName>גבינת שמנת נפוליאו 25% חלפיניו 225 גר</ItemName>
      <ManufacturerName>לא ידוע</ManufacturerName>
      <ManufactureCountry>לא ידוע</ManufactureCountry>
      <ManufacturerItemDescription>גבינת שמנת נפוליאו 2</ManufacturerItemDescription>
      <UnitQty>גרמים</UnitQty>
      <Quantity>225.00</Quantity>
      <bIsWeighted>0</bIsWeighted>
      <UnitOfMeasure>100 גרם</UnitOfMeasure>
      <QtyInPackage>1</QtyInPackage>
      <ItemPrice>16.90</ItemPrice>
      <UnitOfMeasurePrice>7.51</UnitOfMeasurePrice>
      <AllowDiscount>1</AllowDiscount>
      <ItemStatus>1</ItemStatus>
    </Item>
    <Item>
      <PriceUpdateDate>2025-05-23 08:10</PriceUpdateDate>
      <ItemCode>7290014762909</ItemCode>
      <ItemType>1</ItemType>
      <ItemName>פתיתי מוצרלה 200 גר</ItemName>
      <ManufacturerName>לא ידוע</ManufacturerName>
      <ManufactureCountry>ישראל</ManufactureCountry>
      <ManufacturerItemDescription>פתיתי מוצרלה השף הלב</ManufacturerItemDescription>
      <UnitQty>גרמים</UnitQty>
      <Quantity>220.00</Quantity>
      <bIsWeighted>0</bIsWeighted>
      <UnitOfMeasure>100 גרם</UnitOfMeasure>
      <QtyInPackage>1</QtyInPackage>
      <ItemPrice>23.30</ItemPrice>
      <UnitOfMeasurePrice>10.59</UnitOfMeasurePrice>
      <AllowDiscount>1</AllowDiscount>
      <ItemStatus>1</ItemStatus>
    </Item>
    <Item>
      <PriceUpdateDate>2025-03-25 06:58</PriceUpdateDate>
      <ItemCode>7290014860070</ItemCode>
      <ItemType>1</ItemType>
      <ItemName>מקלות אורז ללא גלוטן 5 מ"מ 454 גרם</ItemName>
      <ManufacturerName>לא ידוע</ManufacturerName>
      <ManufactureCountry>לא ידוע</ManufactureCountry>
      <ManufacturerItemDescription>מקלות אורז ללא גלוטן</ManufacturerItemDescription>
      <UnitQty>גרמים</UnitQty>
      <Quantity>454.00</Quantity>
      <bIsWeighted>0</bIsWeighted>
      <UnitOfMeasure>100 גרם</UnitOfMeasure>
      <QtyInPackage>1</QtyInPackage>
      <ItemPrice>15.20</ItemPrice>
      <UnitOfMeasurePrice>3.35</UnitOfMeasurePrice>
      <AllowDiscount>1</AllowDiscount>
      <ItemStatus>1</ItemStatus>
    </Item>
    <Item>
      <PriceUpdateDate>2025-03-20 12:20</PriceUpdateDate>
      <ItemCode>7290014860094</ItemCode>
      <ItemType>1</ItemType>
      <ItemName>מקלות אורז ללא גלוטן 3 מ"מ 454 גרם</ItemName>
      <ManufacturerName>לא ידוע</ManufacturerName>
      <ManufactureCountry>לא ידוע</ManufactureCountry>
      <ManufacturerItemDescription>מקלות אורז ללא גלוטן</ManufacturerItemDescription>
      <UnitQty>גרמים</UnitQty>
      <Quantity>454.00</Quantity>
      <bIsWeighted>0</bIsWeighted>
      <UnitOfMeasure>100 גרם</UnitOfMeasure>
      <QtyInPackage>1</QtyInPackage>
      <ItemPrice>15.20</ItemPrice>
      <UnitOfMeasurePrice>3.35</UnitOfMeasurePrice>
      <AllowDiscount>1</AllowDiscount>
      <ItemStatus>1</ItemStatus>
    </Item>
    <Item>
      <PriceUpdateDate>2024-12-02 15:20</PriceUpdateDate>
      <ItemCode>7290014860155</ItemCode>
      <ItemType>1</ItemType>
      <ItemName>מחצלת במבו שטוחה 24*24 ס"מ</ItemName>
      <ManufacturerName>לא ידוע</ManufacturerName>
      <ManufactureCountry>לא ידוע</ManufactureCountry>
      <ManufacturerItemDescription>מחצלת במבו שטוחה 24*</ManufacturerItemDescription>
      <UnitQty>Unknown</UnitQty>
      <Quantity>0.00</Quantity>
      <bIsWeighted>0</bIsWeighted>
      <UnitOfMeasure>Unknown</UnitOfMeasure>
      <QtyInPackage>1</QtyInPackage>
      <ItemPrice>11.50</ItemPrice>
      <UnitOfMeasurePrice>11.50</UnitOfMeasurePrice>
      <AllowDiscount>1</AllowDiscount>
      <ItemStatus>1</ItemStatus>
    </Item>
    <Item>
      <PriceUpdateDate>2024-11-18 15:44</PriceUpdateDate>
      <ItemCode>7290014860247</ItemCode>
      <ItemType>1</ItemType>
      <ItemName>שבבי אורז מרובעים ללא גלוטן 227 גרם</ItemName>
      <ManufacturerName>לא ידוע</ManufacturerName>
      <ManufactureCountry>לא ידוע</ManufactureCountry>
      <ManufacturerItemDescription>שבבי אורז מרובעים לל</ManufacturerItemDescription>
      <UnitQty>גרמים</UnitQty>
      <Quantity>227.00</Quantity>
      <bIsWeighted>0</bIsWeighted>
      <UnitOfMeasure>100 גרם</UnitOfMeasure>
      <QtyInPackage>1</QtyInPackage>
      <ItemPrice>13.50</ItemPrice>
      <UnitOfMeasurePrice>5.95</UnitOfMeasurePrice>
      <AllowDiscount>1</AllowDiscount>
      <ItemStatus>1</ItemStatus>
    </Item>
    <Item>
      <PriceUpdateDate>2025-03-25 06:58</PriceUpdateDate>
      <ItemCode>7290014860988</ItemCode>
      <ItemType>1</ItemType>
      <ItemName>קרם קוקוס 17% 400 מ"ל</ItemName>
      <ManufacturerName>לא ידוע</ManufacturerName>
      <ManufactureCountry>לא ידוע</ManufactureCountry>
      <ManufacturerItemDescription>קרם קוקוס 17% 400 מ"</ManufacturerItemDescription>
      <UnitQty>מיליליטרים</UnitQty>
      <Quantity>400.00</Quantity>
      <bIsWeighted>0</bIsWeighted>
      <UnitOfMeasure>100 מ"ל</UnitOfMeasure>
      <QtyInPackage>1</QtyInPackage>
      <ItemPrice>11.50</ItemPrice>
      <UnitOfMeasurePrice>2.88</UnitOfMeasurePrice>
      <AllowDiscount>1</AllowDiscount>
      <ItemStatus>1</ItemStatus>
    </Item>
    <Item>
      <PriceUpdateDate>2024-11-18 15:47</PriceUpdateDate>
      <ItemCode>7290015009119</ItemCode>
      <ItemType>1</ItemType>
      <ItemName>עלי טורטייה מקמח תירס 360 גרם</ItemName>
      <ManufacturerName>לא ידוע</ManufacturerName>
      <ManufactureCountry>לא ידוע</ManufactureCountry>
      <ManufacturerItemDescription>עלי טורטייה מקמח תיר</ManufacturerItemDescription>
      <UnitQty>גרמים</UnitQty>
      <Quantity>360.00</Quantity>
      <bIsWeighted>0</bIsWeighted>
      <UnitOfMeasure>100 גרם</UnitOfMeasure>
      <QtyInPackage>1</QtyInPackage>
      <ItemPrice>19.90</ItemPrice>
      <UnitOfMeasurePrice>5.53</UnitOfMeasurePrice>
      <AllowDiscount>1</AllowDiscount>
      <ItemStatus>1</ItemStatus>
    </Item>
    <Item>
      <PriceUpdateDate>2024-12-01 09:08</PriceUpdateDate>
      <ItemCode>7290015009300</ItemCode>
      <ItemType>1</ItemType>
      <ItemName>עלי טורטייה מקמח תירס 360 גרם</ItemName>
      <ManufacturerName>לא ידוע</ManufacturerName>
      <ManufactureCountry />
      <ManufacturerItemDescription>עלי טורטייה מקמח תיר</ManufacturerItemDescription>
      <UnitQty>גרמים</UnitQty>
      <Quantity>360.00</Quantity>
      <bIsWeighted>0</bIsWeighted>
      <UnitOfMeasure>100 גרם</UnitOfMeasure>
      <QtyInPackage>1</QtyInPackage>
      <ItemPrice>19.50</ItemPrice>
      <UnitOfMeasurePrice>5.42</UnitOfMeasurePrice>
      <AllowDiscount>1</AllowDiscount>
      <ItemStatus>1</ItemStatus>
    </Item>
    <Item>
      <PriceUpdateDate>2024-12-02 15:21</PriceUpdateDate>
      <ItemCode>7290015009447</ItemCode>
      <ItemType>1</ItemType>
      <ItemName>זיתים שחורים מזן קלמטה 440 גרם</ItemName>
      <ManufacturerName>לא ידוע</ManufacturerName>
      <ManufactureCountry>יוון</ManufactureCountry>
      <ManufacturerItemDescription>זיתים שחורים מזן קלמ</ManufacturerItemDescription>
      <UnitQty>גרמים</UnitQty>
      <Quantity>440.00</Quantity>
      <bIsWeighted>0</bIsWeighted>
      <UnitOfMeasure>100 גרם</UnitOfMeasure>
      <QtyInPackage>1</QtyInPackage>
      <ItemPrice>27.90</ItemPrice>
      <UnitOfMeasurePrice>6.34</UnitOfMeasurePrice>
      <AllowDiscount>1</AllowDiscount>
      <ItemStatus>1</ItemStatus>
    </Item>
    <Item>
      <PriceUpdateDate>2025-04-05 23:00</PriceUpdateDate>
      <ItemCode>7290015009775</ItemCode>
      <ItemType>1</ItemType>
      <ItemName>קרם פפריקה מתוקה 160 גרם</ItemName>
      <ManufacturerName>צ'ילי טרייד</ManufacturerName>
      <ManufactureCountry>הונגריה</ManufactureCountry>
      <ManufacturerItemDescription>קרם פפריקה מתוקה 160</ManufacturerItemDescription>
      <UnitQty>גרמים</UnitQty>
      <Quantity>160.00</Quantity>
      <bIsWeighted>0</bIsWeighted>
      <UnitOfMeasure>100 גרם</UnitOfMeasure>
      <QtyInPackage>1</QtyInPackage>
      <ItemPrice>25.90</ItemPrice>
      <UnitOfMeasurePrice>16.19</UnitOfMeasurePrice>
      <AllowDiscount>1</AllowDiscount>
      <ItemStatus>1</ItemStatus>
    </Item>
    <Item>
      <PriceUpdateDate>2025-04-05 23:00</PriceUpdateDate>
      <ItemCode>7290015009805</ItemCode>
      <ItemType>1</ItemType>
      <ItemName>פטריות פורציני מיובשות 15 גרם</ItemName>
      <ManufacturerName>לא ידוע</ManufacturerName>
      <ManufactureCountry>צרפת</ManufactureCountry>
      <ManufacturerItemDescription>פטריות פורציני מיובש</ManufacturerItemDescription>
      <UnitQty>גרמים</UnitQty>
      <Quantity>15.00</Quantity>
      <bIsWeighted>0</bIsWeighted>
      <UnitOfMeasure>100 גרם</UnitOfMeasure>
      <QtyInPackage>1</QtyInPackage>
      <ItemPrice>27.90</ItemPrice>
      <UnitOfMeasurePrice>186.00</UnitOfMeasurePrice>
      <AllowDiscount>1</AllowDiscount>
      <ItemStatus>1</ItemStatus>
    </Item>
    <Item>
      <PriceUpdateDate>2025-07-21 08:51</PriceUpdateDate>
      <ItemCode>7290015014267</ItemCode>
      <ItemType>1</ItemType>
      <ItemName>פסיפלורה 350 גר</ItemName>
      <ManufacturerName>לא ידוע</ManufacturerName>
      <ManufactureCountry />
      <ManufacturerItemDescription>פסיפלורה 350 גר     </ManufacturerItemDescription>
      <UnitQty>גרמים</UnitQty>
      <Quantity>350.00</Quantity>
      <bIsWeighted>0</bIsWeighted>
      <UnitOfMeasure>100 גרם</UnitOfMeasure>
      <QtyInPackage>1</QtyInPackage>
      <ItemPrice>22.90</ItemPrice>
      <UnitOfMeasurePrice>6.54</UnitOfMeasurePrice>
      <AllowDiscount>1</AllowDiscount>
      <ItemStatus>1</ItemStatus>
    </Item>
    <Item>
      <PriceUpdateDate>2025-01-29 07:01</PriceUpdateDate>
      <ItemCode>7290015039338</ItemCode>
      <ItemType>1</ItemType>
      <ItemName>רביעית טונה במי מלח וילי פוד 4*160 גר</ItemName>
      <ManufacturerName>לא ידוע</ManufacturerName>
      <ManufactureCountry>תאילנד</ManufactureCountry>
      <ManufacturerItemDescription>רביעית טונה במי מלח </ManufacturerItemDescription>
      <UnitQty>גרמים</UnitQty>
      <Quantity>640.00</Quantity>
      <bIsWeighted>0</bIsWeighted>
      <UnitOfMeasure>100 גרם</UnitOfMeasure>
      <QtyInPackage>1</QtyInPackage>
      <ItemPrice>24.90</ItemPrice>
      <UnitOfMeasurePrice>3.89</UnitOfMeasurePrice>
      <AllowDiscount>1</AllowDiscount>
      <ItemStatus>1</ItemStatus>
    </Item>
    <Item>
      <PriceUpdateDate>2025-03-11 08:07</PriceUpdateDate>
      <ItemCode>7290015039901</ItemCode>
      <ItemType>1</ItemType>
      <ItemName>פולי סויה קלופים 400</ItemName>
      <ManufacturerName>לא ידוע</ManufacturerName>
      <ManufactureCountry>סין</ManufactureCountry>
      <ManufacturerItemDescription>פולי סויה קלופים 400</ManufacturerItemDescription>
      <UnitQty>גרמים</UnitQty>
      <Quantity>400.00</Quantity>
      <bIsWeighted>0</bIsWeighted>
      <UnitOfMeasure>100 גרם</UnitOfMeasure>
      <QtyInPackage>1</QtyInPackage>
      <ItemPrice>15.50</ItemPrice>
      <UnitOfMeasurePrice>3.88</UnitOfMeasurePrice>
      <AllowDiscount>1</AllowDiscount>
      <ItemStatus>1</ItemStatus>
    </Item>
    <Item>
      <PriceUpdateDate>2025-01-29 07:01</PriceUpdateDate>
      <ItemCode>7290015129121</ItemCode>
      <ItemType>1</ItemType>
      <ItemName>סקיני פסטה נודלס 270 גרם</ItemName>
      <ManufacturerName>לא ידוע</ManufacturerName>
      <ManufactureCountry>לא ידוע</ManufactureCountry>
      <ManufacturerItemDescription>סקיני פסטה נודלס 270</ManufacturerItemDescription>
      <UnitQty>גרמים</UnitQty>
      <Quantity>270.00</Quantity>
      <bIsWeighted>0</bIsWeighted>
      <UnitOfMeasure>100 גרם</UnitOfMeasure>
      <QtyInPackage>1</QtyInPackage>
      <ItemPrice>14.50</ItemPrice>
      <UnitOfMeasurePrice>5.37</UnitOfMeasurePrice>
      <AllowDiscount>1</AllowDiscount>
      <ItemStatus>1</ItemStatus>
    </Item>
    <Item>
      <PriceUpdateDate>2024-01-26 23:56</PriceUpdateDate>
      <ItemCode>7290015129312</ItemCode>
      <ItemType>1</ItemType>
      <ItemName>סקיני סופ תבשיל מרק בטעם עוף 284 גרם</ItemName>
      <ManufacturerName>לא ידוע</ManufacturerName>
      <ManufactureCountry>סין</ManufactureCountry>
      <ManufacturerItemDescription>סקיני סופ תבשיל מרק </ManufacturerItemDescription>
      <UnitQty>גרמים</UnitQty>
      <Quantity>284.00</Quantity>
      <bIsWeighted>0</bIsWeighted>
      <UnitOfMeasure>100 גרם</UnitOfMeasure>
      <QtyInPackage>1</QtyInPackage>
      <ItemPrice>23.90</ItemPrice>
      <UnitOfMeasurePrice>8.42</UnitOfMeasurePrice>
      <AllowDiscount>1</AllowDiscount>
      <ItemStatus>1</ItemStatus>
    </Item>
    <Item>
      <PriceUpdateDate>2025-01-29 07:01</PriceUpdateDate>
      <ItemCode>7290015129657</ItemCode>
      <ItemType>1</ItemType>
      <ItemName>סקיני פסטה פנה 270 גרם</ItemName>
      <ManufacturerName>לא ידוע</ManufacturerName>
      <ManufactureCountry />
      <ManufacturerItemDescription>סקיני פסטה פנה 270 ג</ManufacturerItemDescription>
      <UnitQty>גרמים</UnitQty>
      <Quantity>270.00</Quantity>
      <bIsWeighted>0</bIsWeighted>
      <UnitOfMeasure>100 גרם</UnitOfMeasure>
      <QtyInPackage>1</QtyInPackage>
      <ItemPrice>14.50</ItemPrice>
      <UnitOfMeasurePrice>5.37</UnitOfMeasurePrice>
      <AllowDiscount>1</AllowDiscount>
      <ItemStatus>1</ItemStatus>
    </Item>
    <Item>
      <PriceUpdateDate>2025-01-29 07:00</PriceUpdateDate>
      <ItemCode>7290015129749</ItemCode>
      <ItemType>1</ItemType>
      <ItemName>סקיני פסטה שיבולת שועל נודלס 270 גרם</ItemName>
      <ManufacturerName>לא ידוע</ManufacturerName>
      <ManufactureCountry>סין</ManufactureCountry>
      <ManufacturerItemDescription>סקיני פסטה שיבולת שו</ManufacturerItemDescription>
      <UnitQty>גרמים</UnitQty>
      <Quantity>270.00</Quantity>
      <bIsWeighted>0</bIsWeighted>
      <UnitOfMeasure>100 גרם</UnitOfMeasure>
      <QtyInPackage>1</QtyInPackage>
      <ItemPrice>14.50</ItemPrice>
      <UnitOfMeasurePrice>5.37</UnitOfMeasurePrice>
      <AllowDiscount>1</AllowDiscount>
      <ItemStatus>1</ItemStatus>
    </Item>
    <Item>
      <PriceUpdateDate>2025-01-29 07:01</PriceUpdateDate>
      <ItemCode>7290015129756</ItemCode>
      <ItemType>1</ItemType>
      <ItemName>סקיני פסטה שיבולת שועל פטוציני 270 גרם</ItemName>
      <ManufacturerName>לא ידוע</ManufacturerName>
      <ManufactureCountry>סין</ManufactureCountry>
      <ManufacturerItemDescription>סקיני פסטה שיבולת שו</ManufacturerItemDescription>
      <UnitQty>גרמים</UnitQty>
      <Quantity>270.00</Quantity>
      <bIsWeighted>0</bIsWeighted>
      <UnitOfMeasure>100 גרם</UnitOfMeasure>
      <QtyInPackage>1</QtyInPackage>
      <ItemPrice>14.50</ItemPrice>
      <UnitOfMeasurePrice>5.37</UnitOfMeasurePrice>
      <AllowDiscount>1</AllowDiscount>
      <ItemStatus>1</ItemStatus>
    </Item>
    <Item>
      <PriceUpdateDate>2025-06-25 06:21</PriceUpdateDate>
      <ItemCode>7290015130295</ItemCode>
      <ItemType>1</ItemType>
      <ItemName>WIN חטיף חלבון קראנצ קרמל מלוח 64 גר</ItemName>
      <ManufacturerName>לא ידוע</ManufacturerName>
      <ManufactureCountry />
      <ManufacturerItemDescription>WIN חטיף חלבון קראנצ</ManufacturerItemDescription>
      <UnitQty>גרמים</UnitQty>
      <Quantity>64.00</Quantity>
      <bIsWeighted>0</bIsWeighted>
      <UnitOfMeasure>100 גרם</UnitOfMeasure>
      <QtyInPackage>1</QtyInPackage>
      <ItemPrice>15.90</ItemPrice>
      <UnitOfMeasurePrice>24.84</UnitOfMeasurePrice>
      <AllowDiscount>1</AllowDiscount>
      <ItemStatus>1</ItemStatus>
    </Item>
    <Item>
      <PriceUpdateDate>2025-06-25 06:21</PriceUpdateDate>
      <ItemCode>7290015130325</ItemCode>
      <ItemType>1</ItemType>
      <ItemName>WIN חטיף חלבון שוקולד בייגלה מלוח 64 גר</ItemName>
      <ManufacturerName>לא ידוע</ManufacturerName>
      <ManufactureCountry />
      <ManufacturerItemDescription>WIN חטיף חלבון שוקול</ManufacturerItemDescription>
      <UnitQty>גרמים</UnitQty>
      <Quantity>64.00</Quantity>
      <bIsWeighted>0</bIsWeighted>
      <UnitOfMeasure>100 גרם</UnitOfMeasure>
      <QtyInPackage>1</QtyInPackage>
      <ItemPrice>15.90</ItemPrice>
      <UnitOfMeasurePrice>24.84</UnitOfMeasurePrice>
      <AllowDiscount>1</AllowDiscount>
      <ItemStatus>1</ItemStatus>
    </Item>
    <Item>
      <PriceUpdateDate>2025-06-25 06:22</PriceUpdateDate>
      <ItemCode>7290015130493</ItemCode>
      <ItemType>1</ItemType>
      <ItemName>WIN חטיף חלבון קרם פיסטוק 60 גרם</ItemName>
      <ManufacturerName>לא ידוע</ManufacturerName>
      <ManufactureCountry>מקדוניה</ManufactureCountry>
      <ManufacturerItemDescription>WIN חטיף חלבון קרם פ</ManufacturerItemDescription>
      <UnitQty>גרמים</UnitQty>
      <Quantity>60.00</Quantity>
      <bIsWeighted>0</bIsWeighted>
      <UnitOfMeasure>100 גרם</UnitOfMeasure>
      <QtyInPackage>1</QtyInPackage>
      <ItemPrice>15.90</ItemPrice>
      <UnitOfMeasurePrice>26.50</UnitOfMeasurePrice>
      <AllowDiscount>1</AllowDiscount>
      <ItemStatus>1</ItemStatus>
    </Item>
    <Item>
      <PriceUpdateDate>2021-01-20 21:12</PriceUpdateDate>
      <ItemCode>7290015140157</ItemCode>
      <ItemType>1</ItemType>
      <ItemName>פרו חמאה - סכין מריח</ItemName>
      <ManufacturerName>לא ידוע</ManufacturerName>
      <ManufactureCountry>לא ידוע</ManufactureCountry>
      <ManufacturerItemDescription>פרו חמאה - סכין מריח</ManufacturerItemDescription>
      <UnitQty>Unknown</UnitQty>
      <Quantity>0.00</Quantity>
      <bIsWeighted>0</bIsWeighted>
      <UnitOfMeasure>Unknown</UnitOfMeasure>
      <QtyInPackage>1</QtyInPackage>
      <ItemPrice>8.90</ItemPrice>
      <UnitOfMeasurePrice>8.90</UnitOfMeasurePrice>
      <AllowDiscount>1</AllowDiscount>
      <ItemStatus>1</ItemStatus>
    </Item>
    <Item>
      <PriceUpdateDate>2022-06-02 10:12</PriceUpdateDate>
      <ItemCode>7290015155847</ItemCode>
      <ItemType>1</ItemType>
      <ItemName>מחית סלט פירות חטיפטף פרינוק 120 גר</ItemName>
      <ManufacturerName>לא ידוע</ManufacturerName>
      <ManufactureCountry>לא ידוע</ManufactureCountry>
      <ManufacturerItemDescription>מחית סלט פירות חטיפט</ManufacturerItemDescription>
      <UnitQty>גרמים</UnitQty>
      <Quantity>120.00</Quantity>
      <bIsWeighted>0</bIsWeighted>
      <UnitOfMeasure>100 גרם</UnitOfMeasure>
      <QtyInPackage>1</QtyInPackage>
      <ItemPrice>6.90</ItemPrice>
      <UnitOfMeasurePrice>5.75</UnitOfMeasurePrice>
      <AllowDiscount>1</AllowDiscount>
      <ItemStatus>1</ItemStatus>
    </Item>
    <Item>
      <PriceUpdateDate>2024-07-04 16:54</PriceUpdateDate>
      <ItemCode>7290015164856</ItemCode>
      <ItemType>1</ItemType>
      <ItemName>רוטב קארי אדומה 400 גרם SUREE כשר</ItemName>
      <ManufacturerName>לא ידוע</ManufacturerName>
      <ManufactureCountry>לא ידוע</ManufactureCountry>
      <ManufacturerItemDescription>רוטב קארי אדומה 400 </ManufacturerItemDescription>
      <UnitQty>מיליליטרים</UnitQty>
      <Quantity>400.00</Quantity>
      <bIsWeighted>0</bIsWeighted>
      <UnitOfMeasure>100 מ"ל</UnitOfMeasure>
      <QtyInPackage>1</QtyInPackage>
      <ItemPrice>22.90</ItemPrice>
      <UnitOfMeasurePrice>5.73</UnitOfMeasurePrice>
      <AllowDiscount>1</AllowDiscount>
      <ItemStatus>1</ItemStatus>
    </Item>
    <Item>
      <PriceUpdateDate>2025-03-25 07:08</PriceUpdateDate>
      <ItemCode>7290015178396</ItemCode>
      <ItemType>1</ItemType>
      <ItemName>מרינדה לעוף ריבת צילי אוליביה 520 גר</ItemName>
      <ManufacturerName>לא ידוע</ManufacturerName>
      <ManufactureCountry>ישראל</ManufactureCountry>
      <ManufacturerItemDescription>מרינדה לעוף ריבת ציל</ManufacturerItemDescription>
      <UnitQty>גרמים</UnitQty>
      <Quantity>520.00</Quantity>
      <bIsWeighted>0</bIsWeighted>
      <UnitOfMeasure>100 גרם</UnitOfMeasure>
      <QtyInPackage>1</QtyInPackage>
      <ItemPrice>18.90</ItemPrice>
      <UnitOfMeasurePrice>3.63</UnitOfMeasurePrice>
      <AllowDiscount>1</AllowDiscount>
      <ItemStatus>1</ItemStatus>
    </Item>
    <Item>
      <PriceUpdateDate>2025-03-11 08:29</PriceUpdateDate>
      <ItemCode>7290015282390</ItemCode>
      <ItemType>1</ItemType>
      <ItemName>תורכי 200 גר</ItemName>
      <ManufacturerName>לא ידוע</ManufacturerName>
      <ManufactureCountry>לא ידוע</ManufactureCountry>
      <ManufacturerItemDescription>תורכי 200 גר        </ManufacturerItemDescription>
      <UnitQty>גרמים</UnitQty>
      <Quantity>200.00</Quantity>
      <bIsWeighted>0</bIsWeighted>
      <UnitOfMeasure>100 גרם</UnitOfMeasure>
      <QtyInPackage>1</QtyInPackage>
      <ItemPrice>16.50</ItemPrice>
      <UnitOfMeasurePrice>8.25</UnitOfMeasurePrice>
      <AllowDiscount>1</AllowDiscount>
      <ItemStatus>1</ItemStatus>
    </Item>
    <Item>
      <PriceUpdateDate>2025-03-11 08:28</PriceUpdateDate>
      <ItemCode>7290015282581</ItemCode>
      <ItemType>1</ItemType>
      <ItemName>חומוס אבו גוש עם חריף 200 גר</ItemName>
      <ManufacturerName>לא ידוע</ManufacturerName>
      <ManufactureCountry>לא ידוע</ManufactureCountry>
      <ManufacturerItemDescription>חומוס אבו גוש עם חרי</ManufacturerItemDescription>
      <UnitQty>גרמים</UnitQty>
      <Quantity>200.00</Quantity>
      <bIsWeighted>0</bIsWeighted>
      <UnitOfMeasure>100 גרם</UnitOfMeasure>
      <QtyInPackage>1</QtyInPackage>
      <ItemPrice>14.50</ItemPrice>
      <UnitOfMeasurePrice>7.25</UnitOfMeasurePrice>
      <AllowDiscount>1</AllowDiscount>
      <ItemStatus>1</ItemStatus>
    </Item>
    <Item>
      <PriceUpdateDate>2025-03-11 08:29</PriceUpdateDate>
      <ItemCode>7290015282598</ItemCode>
      <ItemType>1</ItemType>
      <ItemName>חומוס מסעדות 200 גר</ItemName>
      <ManufacturerName>לא ידוע</ManufacturerName>
      <ManufactureCountry>לא ידוע</ManufactureCountry>
      <ManufacturerItemDescription>חומוס מסעדות 200 גר </ManufacturerItemDescription>
      <UnitQty>גרמים</UnitQty>
      <Quantity>200.00</Quantity>
      <bIsWeighted>0</bIsWeighted>
      <UnitOfMeasure>100 גרם</UnitOfMeasure>
      <QtyInPackage>1</QtyInPackage>
      <ItemPrice>14.50</ItemPrice>
      <UnitOfMeasurePrice>7.25</UnitOfMeasurePrice>
      <AllowDiscount>1</AllowDiscount>
      <ItemStatus>1</ItemStatus>
    </Item>
    <Item>
      <PriceUpdateDate>2025-03-11 08:29</PriceUpdateDate>
      <ItemCode>7290015282604</ItemCode>
      <ItemType>1</ItemType>
      <ItemName>טחינה מיוחדת 200 גר</ItemName>
      <ManufacturerName>לא ידוע</ManufacturerName>
      <ManufactureCountry>לא ידוע</ManufactureCountry>
      <ManufacturerItemDescription>טחינה מיוחדת 200 גר </ManufacturerItemDescription>
      <UnitQty>גרמים</UnitQty>
      <Quantity>200.00</Quantity>
      <bIsWeighted>0</bIsWeighted>
      <UnitOfMeasure>100 גרם</UnitOfMeasure>
      <QtyInPackage>1</QtyInPackage>
      <ItemPrice>14.50</ItemPrice>
      <UnitOfMeasurePrice>7.25</UnitOfMeasurePrice>
      <AllowDiscount>1</AllowDiscount>
      <ItemStatus>1</ItemStatus>
    </Item>
    <Item>
      <PriceUpdateDate>2025-03-11 08:29</PriceUpdateDate>
      <ItemCode>7290015282628</ItemCode>
      <ItemType>1</ItemType>
      <ItemName>חציל בטעם כבד 200 גר</ItemName>
      <ManufacturerName>לא ידוע</ManufacturerName>
      <ManufactureCountry>לא ידוע</ManufactureCountry>
      <ManufacturerItemDescription>חציל בטעם כבד 200 גר</ManufacturerItemDescription>
      <UnitQty>גרמים</UnitQty>
      <Quantity>200.00</Quantity>
      <bIsWeighted>0</bIsWeighted>
      <UnitOfMeasure>100 גרם</UnitOfMeasure>
      <QtyInPackage>1</QtyInPackage>
      <ItemPrice>16.50</ItemPrice>
      <UnitOfMeasurePrice>8.25</UnitOfMeasurePrice>
      <AllowDiscount>1</AllowDiscount>
      <ItemStatus>1</ItemStatus>
    </Item>
    <Item>
      <PriceUpdateDate>2025-03-11 08:29</PriceUpdateDate>
      <ItemCode>7290015282635</ItemCode>
      <ItemType>1</ItemType>
      <ItemName>חומוס מסבחה 200 גר</ItemName>
      <ManufacturerName>לא ידוע</ManufacturerName>
      <ManufactureCountry>לא ידוע</ManufactureCountry>
      <ManufacturerItemDescription>חומוס מסבחה 200 גר  </ManufacturerItemDescription>
      <UnitQty>גרמים</UnitQty>
      <Quantity>200.00</Quantity>
      <bIsWeighted>0</bIsWeighted>
      <UnitOfMeasure>100 גרם</UnitOfMeasure>
      <QtyInPackage>1</QtyInPackage>
      <ItemPrice>14.50</ItemPrice>
      <UnitOfMeasurePrice>7.25</UnitOfMeasurePrice>
      <AllowDiscount>1</AllowDiscount>
      <ItemStatus>1</ItemStatus>
    </Item>
    <Item>
      <PriceUpdateDate>2025-03-11 08:29</PriceUpdateDate>
      <ItemCode>7290015282642</ItemCode>
      <ItemType>1</ItemType>
      <ItemName>חומוס אבו גוש 200 גר</ItemName>
      <ManufacturerName>לא ידוע</ManufacturerName>
      <ManufactureCountry>לא ידוע</ManufactureCountry>
      <ManufacturerItemDescription>חומוס אבו גוש 200 גר</ManufacturerItemDescription>
      <UnitQty>גרמים</UnitQty>
      <Quantity>200.00</Quantity>
      <bIsWeighted>0</bIsWeighted>
      <UnitOfMeasure>100 גרם</UnitOfMeasure>
      <QtyInPackage>1</QtyInPackage>
      <ItemPrice>14.50</ItemPrice>
      <UnitOfMeasurePrice>7.25</UnitOfMeasurePrice>
      <AllowDiscount>1</AllowDiscount>
      <ItemStatus>1</ItemStatus>
    </Item>
    <Item>
      <PriceUpdateDate>2025-03-11 08:28</PriceUpdateDate>
      <ItemCode>7290015282673</ItemCode>
      <ItemType>1</ItemType>
      <ItemName>חציל במיונז ביתי 200 גר</ItemName>
      <ManufacturerName>לא ידוע</ManufacturerName>
      <ManufactureCountry>לא ידוע</ManufactureCountry>
      <ManufacturerItemDescription>חציל במיונז ביתי 200</ManufacturerItemDescription>
      <UnitQty>גרמים</UnitQty>
      <Quantity>200.00</Quantity>
      <bIsWeighted>0</bIsWeighted>
      <UnitOfMeasure>100 גרם</UnitOfMeasure>
      <QtyInPackage>1</QtyInPackage>
      <ItemPrice>14.50</ItemPrice>
      <UnitOfMeasurePrice>7.25</UnitOfMeasurePrice>
      <AllowDiscount>1</AllowDiscount>
      <ItemStatus>1</ItemStatus>
    </Item>
    <Item>
      <PriceUpdateDate>2025-03-11 08:29</PriceUpdateDate>
      <ItemCode>7290015282697</ItemCode>
      <ItemType>1</ItemType>
      <ItemName>כרוב אדום 200 גר</ItemName>
      <ManufacturerName>לא ידוע</ManufacturerName>
      <ManufactureCountry>לא ידוע</ManufactureCountry>
      <ManufacturerItemDescription>כרוב אדום 200 גר    </ManufacturerItemDescription>
      <UnitQty>גרמים</UnitQty>
      <Quantity>200.00</Quantity>
      <bIsWeighted>0</bIsWeighted>
      <UnitOfMeasure>100 גרם</UnitOfMeasure>
      <QtyInPackage>1</QtyInPackage>
      <ItemPrice>16.50</ItemPrice>
      <UnitOfMeasurePrice>8.25</UnitOfMeasurePrice>
      <AllowDiscount>1</AllowDiscount>
      <ItemStatus>1</ItemStatus>
    </Item>
    <Item>
      <PriceUpdateDate>2023-12-26 08:42</PriceUpdateDate>
      <ItemCode>7290015417136</ItemCode>
      <ItemType>1</ItemType>
      <ItemName>עגבנית שרי אורגנית ארוז</ItemName>
      <ManufacturerName>לא ידוע</ManufacturerName>
      <ManufactureCountry>לא ידוע</ManufactureCountry>
      <ManufacturerItemDescription>עגבנית שרי אורגנית  </ManufacturerItemDescription>
      <UnitQty>גרמים</UnitQty>
      <Quantity>400.00</Quantity>
      <bIsWeighted>0</bIsWeighted>
      <UnitOfMeasure>100 גרם</UnitOfMeasure>
      <QtyInPackage>1</QtyInPackage>
      <ItemPrice>19.90</ItemPrice>
      <UnitOfMeasurePrice>4.98</UnitOfMeasurePrice>
      <AllowDiscount>1</AllowDiscount>
      <ItemStatus>1</ItemStatus>
    </Item>
    <Item>
      <PriceUpdateDate>2021-01-20 21:12</PriceUpdateDate>
      <ItemCode>7290015417167</ItemCode>
      <ItemType>1</ItemType>
      <ItemName>פלפל ביס אורגני</ItemName>
      <ManufacturerName>לא ידוע</ManufacturerName>
      <ManufactureCountry>לא ידוע</ManufactureCountry>
      <ManufacturerItemDescription>פלפל ביס אורגני     </ManufacturerItemDescription>
      <UnitQty>גרמים</UnitQty>
      <Quantity>200.00</Quantity>
      <bIsWeighted>0</bIsWeighted>
      <UnitOfMeasure>100 גרם</UnitOfMeasure>
      <QtyInPackage>1</QtyInPackage>
      <ItemPrice>11.90</ItemPrice>
      <UnitOfMeasurePrice>5.95</UnitOfMeasurePrice>
      <AllowDiscount>1</AllowDiscount>
      <ItemStatus>1</ItemStatus>
    </Item>
    <Item>
      <PriceUpdateDate>2024-11-18 15:51</PriceUpdateDate>
      <ItemCode>7290015446914</ItemCode>
      <ItemType>1</ItemType>
      <ItemName>חטיף חלבון אול אין שוקולד ציפ  100 גרם</ItemName>
      <ManufacturerName>לא ידוע</ManufacturerName>
      <ManufactureCountry>הולנד</ManufactureCountry>
      <ManufacturerItemDescription>חטיף חלבון אול אין ש</ManufacturerItemDescription>
      <UnitQty>גרמים</UnitQty>
      <Quantity>100.00</Quantity>
      <bIsWeighted>0</bIsWeighted>
      <UnitOfMeasure>100 גרם</UnitOfMeasure>
      <QtyInPackage>1</QtyInPackage>
      <ItemPrice>22.90</ItemPrice>
      <UnitOfMeasurePrice>22.90</UnitOfMeasurePrice>
      <AllowDiscount>1</AllowDiscount>
      <ItemStatus>1</ItemStatus>
    </Item>
    <Item>
      <PriceUpdateDate>2025-03-25 07:08</PriceUpdateDate>
      <ItemCode>7290015528825</ItemCode>
      <ItemType>1</ItemType>
      <ItemName>צלחת קטנה 7 מתכלה מק</ItemName>
      <ManufacturerName>לא ידוע</ManufacturerName>
      <ManufactureCountry>הודו</ManufactureCountry>
      <ManufacturerItemDescription>צלחת קטנה 7 מתכלה מק</ManufacturerItemDescription>
      <UnitQty>יחידה</UnitQty>
      <Quantity>1.00</Quantity>
      <bIsWeighted>0</bIsWeighted>
      <UnitOfMeasure>יחידה</UnitOfMeasure>
      <QtyInPackage>1</QtyInPackage>
      <ItemPrice>13.50</ItemPrice>
      <UnitOfMeasurePrice>13.50</UnitOfMeasurePrice>
      <AllowDiscount>1</AllowDiscount>
      <ItemStatus>1</ItemStatus>
    </Item>
    <Item>
      <PriceUpdateDate>2025-03-25 07:07</PriceUpdateDate>
      <ItemCode>7290015528849</ItemCode>
      <ItemType>1</ItemType>
      <ItemName>צלחת 10 ענקית מתכלה </ItemName>
      <ManufacturerName>לא ידוע</ManufacturerName>
      <ManufactureCountry>הודו</ManufactureCountry>
      <ManufacturerItemDescription>צלחת 10 ענקית מתכלה </ManufacturerItemDescription>
      <UnitQty>יחידה</UnitQty>
      <Quantity>1.00</Quantity>
      <bIsWeighted>0</bIsWeighted>
      <UnitOfMeasure>יחידה</UnitOfMeasure>
      <QtyInPackage>1</QtyInPackage>
      <ItemPrice>20.50</ItemPrice>
      <UnitOfMeasurePrice>20.50</UnitOfMeasurePrice>
      <AllowDiscount>1</AllowDiscount>
      <ItemStatus>1</ItemStatus>
    </Item>
    <Item>
      <PriceUpdateDate>2025-03-20 12:20</PriceUpdateDate>
      <ItemCode>7290015603188</ItemCode>
      <ItemType>1</ItemType>
      <ItemName>אטריות ביצים 454 גרם</ItemName>
      <ManufacturerName>לא ידוע</ManufacturerName>
      <ManufactureCountry>לא ידוע</ManufactureCountry>
      <ManufacturerItemDescription>אטריות ביצים 454 גרם</ManufacturerItemDescription>
      <UnitQty>גרמים</UnitQty>
      <Quantity>454.00</Quantity>
      <bIsWeighted>0</bIsWeighted>
      <UnitOfMeasure>100 גרם</UnitOfMeasure>
      <QtyInPackage>1</QtyInPackage>
      <ItemPrice>14.50</ItemPrice>
      <UnitOfMeasurePrice>3.19</UnitOfMeasurePrice>
      <AllowDiscount>1</AllowDiscount>
      <ItemStatus>1</ItemStatus>
    </Item>
    <Item>
      <PriceUpdateDate>2024-07-04 17:02</PriceUpdateDate>
      <ItemCode>7290015603201</ItemCode>
      <ItemType>1</ItemType>
      <ItemName>אטריות מחיטה מלאה 454 גרם</ItemName>
      <ManufacturerName>לא ידוע</ManufacturerName>
      <ManufactureCountry>לא ידוע</ManufactureCountry>
      <ManufacturerItemDescription>אטריות מחיטה מלאה 45</ManufacturerItemDescription>
      <UnitQty>גרמים</UnitQty>
      <Quantity>454.00</Quantity>
      <bIsWeighted>0</bIsWeighted>
      <UnitOfMeasure>100 גרם</UnitOfMeasure>
      <QtyInPackage>1</QtyInPackage>
      <ItemPrice>13.90</ItemPrice>
      <UnitOfMeasurePrice>3.06</UnitOfMeasurePrice>
      <AllowDiscount>1</AllowDiscount>
      <ItemStatus>1</ItemStatus>
    </Item>
    <Item>
      <PriceUpdateDate>2025-03-25 06:58</PriceUpdateDate>
      <ItemCode>7290015603522</ItemCode>
      <ItemType>1</ItemType>
      <ItemName>נוזל אגוזי קוקוס 5-7% 400 מל</ItemName>
      <ManufacturerName>לא ידוע</ManufacturerName>
      <ManufactureCountry>לא ידוע</ManufactureCountry>
      <ManufacturerItemDescription>נוזל אגוזי קוקוס 5-7</ManufacturerItemDescription>
      <UnitQty>מיליליטרים</UnitQty>
      <Quantity>400.00</Quantity>
      <bIsWeighted>0</bIsWeighted>
      <UnitOfMeasure>100 מ"ל</UnitOfMeasure>
      <QtyInPackage>1</QtyInPackage>
      <ItemPrice>8.80</ItemPrice>
      <UnitOfMeasurePrice>2.20</UnitOfMeasurePrice>
      <AllowDiscount>1</AllowDiscount>
      <ItemStatus>1</ItemStatus>
    </Item>
    <Item>
      <PriceUpdateDate>2024-07-17 08:36</PriceUpdateDate>
      <ItemCode>7290015603546</ItemCode>
      <ItemType>1</ItemType>
      <ItemName>שימורי קרם קוקוס 17-19% 400 מל ASIATIC</ItemName>
      <ManufacturerName>לא ידוע</ManufacturerName>
      <ManufactureCountry>לא ידוע</ManufactureCountry>
      <ManufacturerItemDescription>שימורי קרם קוקוס 17-</ManufacturerItemDescription>
      <UnitQty>מיליליטרים</UnitQty>
      <Quantity>400.00</Quantity>
      <bIsWeighted>0</bIsWeighted>
      <UnitOfMeasure>100 מ"ל</UnitOfMeasure>
      <QtyInPackage>1</QtyInPackage>
      <ItemPrice>11.90</ItemPrice>
      <UnitOfMeasurePrice>2.98</UnitOfMeasurePrice>
      <AllowDiscount>1</AllowDiscount>
      <ItemStatus>1</ItemStatus>
    </Item>
    <Item>
      <PriceUpdateDate>2024-07-17 08:35</PriceUpdateDate>
      <ItemCode>7290015603560</ItemCode>
      <ItemType>1</ItemType>
      <ItemName>שימורי קרם קוקוס 20-22% 400 מ"ל</ItemName>
      <ManufacturerName>לא ידוע</ManufacturerName>
      <ManufactureCountry>לא ידוע</ManufactureCountry>
      <ManufacturerItemDescription>שימורי קרם קוקוס 20-</ManufacturerItemDescription>
      <UnitQty>מיליליטרים</UnitQty>
      <Quantity>400.00</Quantity>
      <bIsWeighted>0</bIsWeighted>
      <UnitOfMeasure>100 מ"ל</UnitOfMeasure>
      <QtyInPackage>1</QtyInPackage>
      <ItemPrice>11.50</ItemPrice>
      <UnitOfMeasurePrice>2.88</UnitOfMeasurePrice>
      <AllowDiscount>1</AllowDiscount>
      <ItemStatus>1</ItemStatus>
    </Item>
    <Item>
      <PriceUpdateDate>2025-03-25 06:58</PriceUpdateDate>
      <ItemCode>7290015603584</ItemCode>
      <ItemType>1</ItemType>
      <ItemName>גינגר לבן כבוש ללא מונוסודיום 160 גרם</ItemName>
      <ManufacturerName>לא ידוע</ManufacturerName>
      <ManufactureCountry>לא ידוע</ManufactureCountry>
      <ManufacturerItemDescription>גינגר לבן כבוש ללא מ</ManufacturerItemDescription>
      <UnitQty>גרמים</UnitQty>
      <Quantity>160.00</Quantity>
      <bIsWeighted>0</bIsWeighted>
      <UnitOfMeasure>100 גרם</UnitOfMeasure>
      <QtyInPackage>1</QtyInPackage>
      <ItemPrice>13.20</ItemPrice>
      <UnitOfMeasurePrice>8.25</UnitOfMeasurePrice>
      <AllowDiscount>1</AllowDiscount>
      <ItemStatus>1</ItemStatus>
    </Item>
    <Item>
      <PriceUpdateDate>2025-03-25 06:58</PriceUpdateDate>
      <ItemCode>7290015603591</ItemCode>
      <ItemType>1</ItemType>
      <ItemName>גינגר כבוש וורוד 160 גרם</ItemName>
      <ManufacturerName>לא ידוע</ManufacturerName>
      <ManufactureCountry>לא ידוע</ManufactureCountry>
      <ManufacturerItemDescription>גינגר כבוש וורוד 160</ManufacturerItemDescription>
      <UnitQty>גרמים</UnitQty>
      <Quantity>160.00</Quantity>
      <bIsWeighted>0</bIsWeighted>
      <UnitOfMeasure>100 גרם</UnitOfMeasure>
      <QtyInPackage>1</QtyInPackage>
      <ItemPrice>12.20</ItemPrice>
      <UnitOfMeasurePrice>7.63</UnitOfMeasurePrice>
      <AllowDiscount>1</AllowDiscount>
      <ItemStatus>1</ItemStatus>
    </Item>
    <Item>
      <PriceUpdateDate>2025-03-25 06:58</PriceUpdateDate>
      <ItemCode>7290015603638</ItemCode>
      <ItemType>1</ItemType>
      <ItemName>אורז קלרוז 1 קג</ItemName>
      <ManufacturerName>לא ידוע</ManufacturerName>
      <ManufactureCountry>לא ידוע</ManufactureCountry>
      <ManufacturerItemDescription>אורז קלרוז 1 ק"ג    </ManufacturerItemDescription>
      <UnitQty>גרמים</UnitQty>
      <Quantity>1000.00</Quantity>
      <bIsWeighted>0</bIsWeighted>
      <UnitOfMeasure>100 גרם</UnitOfMeasure>
      <QtyInPackage>1</QtyInPackage>
      <ItemPrice>15.60</ItemPrice>
      <UnitOfMeasurePrice>1.56</UnitOfMeasurePrice>
      <AllowDiscount>1</AllowDiscount>
      <ItemStatus>1</ItemStatus>
    </Item>
    <Item>
      <PriceUpdateDate>2025-10-13 12:24</PriceUpdateDate>
      <ItemCode>7290015652070</ItemCode>
      <ItemType>1</ItemType>
      <ItemName>קשיו קלוי 150 גרם ששון הקולה</ItemName>
      <ManufacturerName>לא ידוע</ManufacturerName>
      <ManufactureCountry>לא ידוע</ManufactureCountry>
      <ManufacturerItemDescription>קשיו קלוי 150 גרם שש</ManufacturerItemDescription>
      <UnitQty>גרמים</UnitQty>
      <Quantity>150.00</Quantity>
      <bIsWeighted>0</bIsWeighted>
      <UnitOfMeasure>100 גרם</UnitOfMeasure>
      <QtyInPackage>1</QtyInPackage>
      <ItemPrice>21.90</ItemPrice>
      <UnitOfMeasurePrice>14.60</UnitOfMeasurePrice>
      <AllowDiscount>1</AllowDiscount>
      <ItemStatus>1</ItemStatus>
    </Item>
    <Item>
      <PriceUpdateDate>2025-11-14 09:54</PriceUpdateDate>
      <ItemCode>7290015652254</ItemCode>
      <ItemType>1</ItemType>
      <ItemName>גרעיני חמניה קלויים 350 גרם ששון הקלה</ItemName>
      <ManufacturerName>לא ידוע</ManufacturerName>
      <ManufactureCountry>לא ידוע</ManufactureCountry>
      <ManufacturerItemDescription>גרעיני חמניה קלויים </ManufacturerItemDescription>
      <UnitQty>גרמים</UnitQty>
      <Quantity>350.00</Quantity>
      <bIsWeighted>0</bIsWeighted>
      <UnitOfMeasure>100 גרם</UnitOfMeasure>
      <QtyInPackage>1</QtyInPackage>
      <ItemPrice>13.90</ItemPrice>
      <UnitOfMeasurePrice>3.97</UnitOfMeasurePrice>
      <AllowDiscount>1</AllowDiscount>
      <ItemStatus>1</ItemStatus>
    </Item>
    <Item>
      <PriceUpdateDate>2025-11-14 09:53</PriceUpdateDate>
      <ItemCode>7290015652261</ItemCode>
      <ItemType>1</ItemType>
      <ItemName>בוטנים קלויים 300 גרם ששון הקלה</ItemName>
      <ManufacturerName>לא ידוע</ManufacturerName>
      <ManufactureCountry>לא ידוע</ManufactureCountry>
      <ManufacturerItemDescription>בוטנים קלויים 300 גר</ManufacturerItemDescription>
      <UnitQty>גרמים</UnitQty>
      <Quantity>300.00</Quantity>
      <bIsWeighted>0</bIsWeighted>
      <UnitOfMeasure>100 גרם</UnitOfMeasure>
      <QtyInPackage>1</QtyInPackage>
      <ItemPrice>13.90</ItemPrice>
      <UnitOfMeasurePrice>4.63</UnitOfMeasurePrice>
      <AllowDiscount>1</AllowDiscount>
      <ItemStatus>1</ItemStatus>
    </Item>
    <Item>
      <PriceUpdateDate>2025-11-14 09:53</PriceUpdateDate>
      <ItemCode>7290015652292</ItemCode>
      <ItemType>1</ItemType>
      <ItemName>קבוקים עם שומשום 400 גרם ששון הקלה</ItemName>
      <ManufacturerName>לא ידוע</ManufacturerName>
      <ManufactureCountry>לא ידוע</ManufactureCountry>
      <ManufacturerItemDescription>קבוקים עם שומשום 350</ManufacturerItemDescription>
      <UnitQty>גרמים</UnitQty>
      <Quantity>350.00</Quantity>
      <bIsWeighted>0</bIsWeighted>
      <UnitOfMeasure>100 גרם</UnitOfMeasure>
      <QtyInPackage>1</QtyInPackage>
      <ItemPrice>13.90</ItemPrice>
      <UnitOfMeasurePrice>3.97</UnitOfMeasurePrice>
      <AllowDiscount>1</AllowDiscount>
      <ItemStatus>1</ItemStatus>
    </Item>
    <Item>
      <PriceUpdateDate>2025-11-14 09:53</PriceUpdateDate>
      <ItemCode>7290015652308</ItemCode>
      <ItemType>1</ItemType>
      <ItemName>מנצס 300 גרם ששון הקולה</ItemName>
      <ManufacturerName>לא ידוע</ManufacturerName>
      <ManufactureCountry>לא ידוע</ManufactureCountry>
      <ManufacturerItemDescription>מנצס 300 גרם ששון הק</ManufacturerItemDescription>
      <UnitQty>גרמים</UnitQty>
      <Quantity>300.00</Quantity>
      <bIsWeighted>0</bIsWeighted>
      <UnitOfMeasure>100 גרם</UnitOfMeasure>
      <QtyInPackage>1</QtyInPackage>
      <ItemPrice>13.90</ItemPrice>
      <UnitOfMeasurePrice>4.63</UnitOfMeasurePrice>
      <AllowDiscount>1</AllowDiscount>
      <ItemStatus>1</ItemStatus>
    </Item>
    <Item>
      <PriceUpdateDate>2025-11-14 09:53</PriceUpdateDate>
      <ItemCode>7290015652322</ItemCode>
      <ItemType>1</ItemType>
      <ItemName>בוטנים אמריקאיים מצופים 350 גר ששון הקלה</ItemName>
      <ManufacturerName>לא ידוע</ManufacturerName>
      <ManufactureCountry>ישראל</ManufactureCountry>
      <ManufacturerItemDescription>בוטנים אמריקאיים מצו</ManufacturerItemDescription>
      <UnitQty>גרמים</UnitQty>
      <Quantity>350.00</Quantity>
      <bIsWeighted>0</bIsWeighted>
      <UnitOfMeasure>100 גרם</UnitOfMeasure>
      <QtyInPackage>1</QtyInPackage>
      <ItemPrice>13.90</ItemPrice>
      <UnitOfMeasurePrice>3.97</UnitOfMeasurePrice>
      <AllowDiscount>1</AllowDiscount>
      <ItemStatus>1</ItemStatus>
    </Item>
    <Item>
      <PriceUpdateDate>2025-11-14 09:53</PriceUpdateDate>
      <ItemCode>7290015652407</ItemCode>
      <ItemType>1</ItemType>
      <ItemName>פיסטוק קלוי 225 גרם דין שיווק</ItemName>
      <ManufacturerName>לא ידוע</ManufacturerName>
      <ManufactureCountry>לא ידוע</ManufactureCountry>
      <ManufacturerItemDescription>פיסטוק קלוי 225 גרם </ManufacturerItemDescription>
      <UnitQty>גרמים</UnitQty>
      <Quantity>225.00</Quantity>
      <bIsWeighted>0</bIsWeighted>
      <UnitOfMeasure>100 גרם</UnitOfMeasure>
      <QtyInPackage>1</QtyInPackage>
      <ItemPrice>24.90</ItemPrice>
      <UnitOfMeasurePrice>11.07</UnitOfMeasurePrice>
      <AllowDiscount>1</AllowDiscount>
      <ItemStatus>1</ItemStatus>
    </Item>
    <Item>
      <PriceUpdateDate>2025-01-15 10:18</PriceUpdateDate>
      <ItemCode>7290015703628</ItemCode>
      <ItemType>1</ItemType>
      <ItemName>כף ארוכה מעץ</ItemName>
      <ManufacturerName>לא ידוע</ManufacturerName>
      <ManufactureCountry>לא ידוע</ManufactureCountry>
      <ManufacturerItemDescription>כף חלוקה  ארוכה מעץ </ManufacturerItemDescription>
      <UnitQty>Unknown</UnitQty>
      <Quantity>0.00</Quantity>
      <bIsWeighted>0</bIsWeighted>
      <UnitOfMeasure>Unknown</UnitOfMeasure>
      <QtyInPackage>1</QtyInPackage>
      <ItemPrice>16.90</ItemPrice>
      <UnitOfMeasurePrice>16.90</UnitOfMeasurePrice>
      <AllowDiscount>1</AllowDiscount>
      <ItemStatus>1</ItemStatus>
    </Item>
    <Item>
      <PriceUpdateDate>2025-02-27 09:52</PriceUpdateDate>
      <ItemCode>7290015704519</ItemCode>
      <ItemType>1</ItemType>
      <ItemName>כף סינון COLLECTION</ItemName>
      <ManufacturerName>לא ידוע</ManufacturerName>
      <ManufactureCountry>לא ידוע</ManufactureCountry>
      <ManufacturerItemDescription>כף סינון עגולה   עמי</ManufacturerItemDescription>
      <UnitQty>Unknown</UnitQty>
      <Quantity>0.00</Quantity>
      <bIsWeighted>0</bIsWeighted>
      <UnitOfMeasure>Unknown</UnitOfMeasure>
      <QtyInPackage>1</QtyInPackage>
      <ItemPrice>29.90</ItemPrice>
      <UnitOfMeasurePrice>29.90</UnitOfMeasurePrice>
      <AllowDiscount>1</AllowDiscount>
      <ItemStatus>1</ItemStatus>
    </Item>
    <Item>
      <PriceUpdateDate>2025-02-27 09:51</PriceUpdateDate>
      <ItemCode>7290015704670</ItemCode>
      <ItemType>1</ItemType>
      <ItemName>כף הגשה COLLECTION</ItemName>
      <ManufacturerName>לא ידוע</ManufacturerName>
      <ManufactureCountry>לא ידוע</ManufactureCountry>
      <ManufacturerItemDescription>כף הגשה COLLECTION  </ManufacturerItemDescription>
      <UnitQty>Unknown</UnitQty>
      <Quantity>0.00</Quantity>
      <bIsWeighted>0</bIsWeighted>
      <UnitOfMeasure>Unknown</UnitOfMeasure>
      <QtyInPackage>1</QtyInPackage>
      <ItemPrice>22.90</ItemPrice>
      <UnitOfMeasurePrice>22.90</UnitOfMeasurePrice>
      <AllowDiscount>1</AllowDiscount>
      <ItemStatus>1</ItemStatus>
    </Item>
    <Item>
      <PriceUpdateDate>2023-11-22 10:18</PriceUpdateDate>
      <ItemCode>7290015719940</ItemCode>
      <ItemType>1</ItemType>
      <ItemName>זוג לבבות קיסר</ItemName>
      <ManufacturerName>לא ידוע</ManufacturerName>
      <ManufactureCountry>לא ידוע</ManufactureCountry>
      <ManufacturerItemDescription>זוג לבבות קיסר      </ManufacturerItemDescription>
      <UnitQty>Unknown</UnitQty>
      <Quantity>0.00</Quantity>
      <bIsWeighted>0</bIsWeighted>
      <UnitOfMeasure>Unknown</UnitOfMeasure>
      <QtyInPackage>1</QtyInPackage>
      <ItemPrice>12.90</ItemPrice>
      <UnitOfMeasurePrice>12.90</UnitOfMeasurePrice>
      <AllowDiscount>1</AllowDiscount>
      <ItemStatus>1</ItemStatus>
    </Item>
    <Item>
      <PriceUpdateDate>2022-08-16 13:04</PriceUpdateDate>
      <ItemCode>7290015781008</ItemCode>
      <ItemType>1</ItemType>
      <ItemName>יין VISION מרלו  750 מל</ItemName>
      <ManufacturerName>לא ידוע</ManufacturerName>
      <ManufactureCountry>לא ידוע</ManufactureCountry>
      <ManufacturerItemDescription>יין VISION מרלו  750</ManufacturerItemDescription>
      <UnitQty>Unknown</UnitQty>
      <Quantity>0.00</Quantity>
      <bIsWeighted>0</bIsWeighted>
      <UnitOfMeasure>Unknown</UnitOfMeasure>
      <QtyInPackage>1</QtyInPackage>
      <ItemPrice>42.90</ItemPrice>
      <UnitOfMeasurePrice>42.90</UnitOfMeasurePrice>
      <AllowDiscount>1</AllowDiscount>
      <ItemStatus>1</ItemStatus>
    </Item>
    <Item>
      <PriceUpdateDate>2022-08-16 13:04</PriceUpdateDate>
      <ItemCode>7290015781015</ItemCode>
      <ItemType>1</ItemType>
      <ItemName>יין VISION מלבק  750 מל</ItemName>
      <ManufacturerName>לא ידוע</ManufacturerName>
      <ManufactureCountry>לא ידוע</ManufactureCountry>
      <ManufacturerItemDescription>יין VISION מלבק  750</ManufacturerItemDescription>
      <UnitQty>Unknown</UnitQty>
      <Quantity>0.00</Quantity>
      <bIsWeighted>0</bIsWeighted>
      <UnitOfMeasure>Unknown</UnitOfMeasure>
      <QtyInPackage>1</QtyInPackage>
      <ItemPrice>42.90</ItemPrice>
      <UnitOfMeasurePrice>42.90</UnitOfMeasurePrice>
      <AllowDiscount>1</AllowDiscount>
      <ItemStatus>1</ItemStatus>
    </Item>
    <Item>
      <PriceUpdateDate>2022-08-16 13:04</PriceUpdateDate>
      <ItemCode>7290015781046</ItemCode>
      <ItemType>1</ItemType>
      <ItemName>יין VISION לבן חצי יבש 750 מל</ItemName>
      <ManufacturerName>לא ידוע</ManufacturerName>
      <ManufactureCountry>לא ידוע</ManufactureCountry>
      <ManufacturerItemDescription>יין VISION לבן חצי י</ManufacturerItemDescription>
      <UnitQty>Unknown</UnitQty>
      <Quantity>0.00</Quantity>
      <bIsWeighted>0</bIsWeighted>
      <UnitOfMeasure>Unknown</UnitOfMeasure>
      <QtyInPackage>1</QtyInPackage>
      <ItemPrice>42.90</ItemPrice>
      <UnitOfMeasurePrice>42.90</UnitOfMeasurePrice>
      <AllowDiscount>1</AllowDiscount>
      <ItemStatus>1</ItemStatus>
    </Item>
    <Item>
      <PriceUpdateDate>2022-08-16 13:04</PriceUpdateDate>
      <ItemCode>7290015781053</ItemCode>
      <ItemType>1</ItemType>
      <ItemName>יין VISION לבן  יבש 750 מל</ItemName>
      <ManufacturerName>לא ידוע</ManufacturerName>
      <ManufactureCountry>לא ידוע</ManufactureCountry>
      <ManufacturerItemDescription>יין VISION לבן  יבש </ManufacturerItemDescription>
      <UnitQty>Unknown</UnitQty>
      <Quantity>0.00</Quantity>
      <bIsWeighted>0</bIsWeighted>
      <UnitOfMeasure>Unknown</UnitOfMeasure>
      <QtyInPackage>1</QtyInPackage>
      <ItemPrice>42.90</ItemPrice>
      <UnitOfMeasurePrice>42.90</UnitOfMeasurePrice>
      <AllowDiscount>1</AllowDiscount>
      <ItemStatus>1</ItemStatus>
    </Item>
    <Item>
      <PriceUpdateDate>2022-08-16 13:04</PriceUpdateDate>
      <ItemCode>7290015781091</ItemCode>
      <ItemType>1</ItemType>
      <ItemName>יין VISION קברנה סוביניון  750 מל</ItemName>
      <ManufacturerName>לא ידוע</ManufacturerName>
      <ManufactureCountry>לא ידוע</ManufactureCountry>
      <ManufacturerItemDescription>יין VISION קברנה סוב</ManufacturerItemDescription>
      <UnitQty>Unknown</UnitQty>
      <Quantity>0.00</Quantity>
      <bIsWeighted>0</bIsWeighted>
      <UnitOfMeasure>Unknown</UnitOfMeasure>
      <QtyInPackage>1</QtyInPackage>
      <ItemPrice>42.90</ItemPrice>
      <UnitOfMeasurePrice>42.90</UnitOfMeasurePrice>
      <AllowDiscount>1</AllowDiscount>
      <ItemStatus>1</ItemStatus>
    </Item>
    <Item>
      <PriceUpdateDate>2022-11-01 06:43</PriceUpdateDate>
      <ItemCode>7290015781169</ItemCode>
      <ItemType>1</ItemType>
      <ItemName>יין IMPRES קברנה סוביניון חצי יבש 750 מל</ItemName>
      <ManufacturerName>לא ידוע</ManufacturerName>
      <ManufactureCountry>לא ידוע</ManufactureCountry>
      <ManufacturerItemDescription>IMPRES קברנה סוביניו</ManufacturerItemDescription>
      <UnitQty>Unknown</UnitQty>
      <Quantity>0.00</Quantity>
      <bIsWeighted>0</bIsWeighted>
      <UnitOfMeasure>Unknown</UnitOfMeasure>
      <QtyInPackage>1</QtyInPackage>
      <ItemPrice>49.90</ItemPrice>
      <UnitOfMeasurePrice>49.90</UnitOfMeasurePrice>
      <AllowDiscount>1</AllowDiscount>
      <ItemStatus>1</ItemStatus>
    </Item>
    <Item>
      <PriceUpdateDate>2022-11-01 06:44</PriceUpdateDate>
      <ItemCode>7290015781282</ItemCode>
      <ItemType>1</ItemType>
      <ItemName>יין IMPRES גוורצטרמינר 750 מל</ItemName>
      <ManufacturerName>לא ידוע</ManufacturerName>
      <ManufactureCountry>לא ידוע</ManufactureCountry>
      <ManufacturerItemDescription>יין IMPRES גוורצטרמי</ManufacturerItemDescription>
      <UnitQty>Unknown</UnitQty>
      <Quantity>0.00</Quantity>
      <bIsWeighted>0</bIsWeighted>
      <UnitOfMeasure>Unknown</UnitOfMeasure>
      <QtyInPackage>1</QtyInPackage>
      <ItemPrice>49.90</ItemPrice>
      <UnitOfMeasurePrice>49.90</UnitOfMeasurePrice>
      <AllowDiscount>1</AllowDiscount>
      <ItemStatus>1</ItemStatus>
    </Item>
    <Item>
      <PriceUpdateDate>2022-08-16 13:04</PriceUpdateDate>
      <ItemCode>7290015781299</ItemCode>
      <ItemType>1</ItemType>
      <ItemName>יין VISION שיראז 750 מל</ItemName>
      <ManufacturerName>לא ידוע</ManufacturerName>
      <ManufactureCountry>לא ידוע</ManufactureCountry>
      <ManufacturerItemDescription>יין VISION שיראז 750</ManufacturerItemDescription>
      <UnitQty>Unknown</UnitQty>
      <Quantity>0.00</Quantity>
      <bIsWeighted>0</bIsWeighted>
      <UnitOfMeasure>Unknown</UnitOfMeasure>
      <QtyInPackage>1</QtyInPackage>
      <ItemPrice>42.90</ItemPrice>
      <UnitOfMeasurePrice>42.90</UnitOfMeasurePrice>
      <AllowDiscount>1</AllowDiscount>
      <ItemStatus>1</ItemStatus>
    </Item>
    <Item>
      <PriceUpdateDate>2021-01-20 21:12</PriceUpdateDate>
      <ItemCode>7290015790017</ItemCode>
      <ItemType>1</ItemType>
      <ItemName>פלחי פומלה מוכנים לאכילה רובי רון שיווק</ItemName>
      <ManufacturerName>לא ידוע</ManufacturerName>
      <ManufactureCountry>לא ידוע</ManufactureCountry>
      <ManufacturerItemDescription>פלחי פומלה מוכנים לא</ManufacturerItemDescription>
      <UnitQty>גרמים</UnitQty>
      <Quantity>250.00</Quantity>
      <bIsWeighted>0</bIsWeighted>
      <UnitOfMeasure>100 גרם</UnitOfMeasure>
      <QtyInPackage>1</QtyInPackage>
      <ItemPrice>17.90</ItemPrice>
      <UnitOfMeasurePrice>7.16</UnitOfMeasurePrice>
      <AllowDiscount>1</AllowDiscount>
      <ItemStatus>1</ItemStatus>
    </Item>
    <Item>
      <PriceUpdateDate>2022-07-07 11:48</PriceUpdateDate>
      <ItemCode>7290015858106</ItemCode>
      <ItemType>1</ItemType>
      <ItemName>ממרח פסטו ביתי 180 גר</ItemName>
      <ManufacturerName>לא ידוע</ManufacturerName>
      <ManufactureCountry>לא ידוע</ManufactureCountry>
      <ManufacturerItemDescription>פסטו ביתי עללחם \   </ManufacturerItemDescription>
      <UnitQty>גרמים</UnitQty>
      <Quantity>180.00</Quantity>
      <bIsWeighted>0</bIsWeighted>
      <UnitOfMeasure>100 גרם</UnitOfMeasure>
      <QtyInPackage>1</QtyInPackage>
      <ItemPrice>22.90</ItemPrice>
      <UnitOfMeasurePrice>12.72</UnitOfMeasurePrice>
      <AllowDiscount>1</AllowDiscount>
      <ItemStatus>1</ItemStatus>
    </Item>
    <Item>
      <PriceUpdateDate>2024-01-23 15:54</PriceUpdateDate>
      <ItemCode>7290015858113</ItemCode>
      <ItemType>1</ItemType>
      <ItemName>ממרח עגבניות מיובשות 180 גר</ItemName>
      <ManufacturerName>לא ידוע</ManufacturerName>
      <ManufactureCountry>לא ידוע</ManufactureCountry>
      <ManufacturerItemDescription>ממרח עגבניות מיובשות</ManufacturerItemDescription>
      <UnitQty>גרמים</UnitQty>
      <Quantity>180.00</Quantity>
      <bIsWeighted>0</bIsWeighted>
      <UnitOfMeasure>100 גרם</UnitOfMeasure>
      <QtyInPackage>1</QtyInPackage>
      <ItemPrice>22.90</ItemPrice>
      <UnitOfMeasurePrice>12.72</UnitOfMeasurePrice>
      <AllowDiscount>1</AllowDiscount>
      <ItemStatus>1</ItemStatus>
    </Item>
    <Item>
      <PriceUpdateDate>2022-06-26 14:29</PriceUpdateDate>
      <ItemCode>7290015858229</ItemCode>
      <ItemType>1</ItemType>
      <ItemName>ממרח טפנד זיתים קלמטה 180 גר</ItemName>
      <ManufacturerName>לא ידוע</ManufacturerName>
      <ManufactureCountry>לא ידוע</ManufactureCountry>
      <ManufacturerItemDescription>מצונן טפנד זיתים    </ManufacturerItemDescription>
      <UnitQty>גרמים</UnitQty>
      <Quantity>180.00</Quantity>
      <bIsWeighted>0</bIsWeighted>
      <UnitOfMeasure>100 גרם</UnitOfMeasure>
      <QtyInPackage>1</QtyInPackage>
      <ItemPrice>22.90</ItemPrice>
      <UnitOfMeasurePrice>12.72</UnitOfMeasurePrice>
      <AllowDiscount>1</AllowDiscount>
      <ItemStatus>1</ItemStatus>
    </Item>
    <Item>
      <PriceUpdateDate>2024-12-02 15:19</PriceUpdateDate>
      <ItemCode>7290015858694</ItemCode>
      <ItemType>1</ItemType>
      <ItemName>איולי שום לימון עללחם 295 גרם</ItemName>
      <ManufacturerName>לא ידוע</ManufacturerName>
      <ManufactureCountry>ישראל</ManufactureCountry>
      <ManufacturerItemDescription>איולי שום לימון עללח</ManufacturerItemDescription>
      <UnitQty>גרמים</UnitQty>
      <Quantity>295.00</Quantity>
      <bIsWeighted>0</bIsWeighted>
      <UnitOfMeasure>100 גרם</UnitOfMeasure>
      <QtyInPackage>1</QtyInPackage>
      <ItemPrice>19.90</ItemPrice>
      <UnitOfMeasurePrice>6.75</UnitOfMeasurePrice>
      <AllowDiscount>1</AllowDiscount>
      <ItemStatus>1</ItemStatus>
    </Item>
    <Item>
      <PriceUpdateDate>2024-12-02 15:22</PriceUpdateDate>
      <ItemCode>7290015858885</ItemCode>
      <ItemType>1</ItemType>
      <ItemName>איולי עגבניות 295 גרם עללחם</ItemName>
      <ManufacturerName>לא ידוע</ManufacturerName>
      <ManufactureCountry>ישראל</ManufactureCountry>
      <ManufacturerItemDescription>איולי עגבניות 295 גר</ManufacturerItemDescription>
      <UnitQty>גרמים</UnitQty>
      <Quantity>295.00</Quantity>
      <bIsWeighted>0</bIsWeighted>
      <UnitOfMeasure>100 גרם</UnitOfMeasure>
      <QtyInPackage>1</QtyInPackage>
      <ItemPrice>19.90</ItemPrice>
      <UnitOfMeasurePrice>6.75</UnitOfMeasurePrice>
      <AllowDiscount>1</AllowDiscount>
      <ItemStatus>1</ItemStatus>
    </Item>
    <Item>
      <PriceUpdateDate>2023-02-14 12:08</PriceUpdateDate>
      <ItemCode>7290015937313</ItemCode>
      <ItemType>1</ItemType>
      <ItemName>אופל קערה 23 סמ 1400</ItemName>
      <ManufacturerName>לא ידוע</ManufacturerName>
      <ManufactureCountry>לא ידוע</ManufactureCountry>
      <ManufacturerItemDescription>אופל קערה 23 סמ 1400</ManufacturerItemDescription>
      <UnitQty>Unknown</UnitQty>
      <Quantity>1.00</Quantity>
      <bIsWeighted>0</bIsWeighted>
      <UnitOfMeasure>Unknown</UnitOfMeasure>
      <QtyInPackage>1</QtyInPackage>
      <ItemPrice>19.90</ItemPrice>
      <UnitOfMeasurePrice>19.90</UnitOfMeasurePrice>
      <AllowDiscount>1</AllowDiscount>
      <ItemStatus>1</ItemStatus>
    </Item>
    <Item>
      <PriceUpdateDate>2025-07-30 23:01</PriceUpdateDate>
      <ItemCode>7290015968010</ItemCode>
      <ItemType>1</ItemType>
      <ItemName>כפפות איזי טאצ ניטריל ל.אבקה שחור 100 S</ItemName>
      <ManufacturerName>לא ידוע</ManufacturerName>
      <ManufactureCountry />
      <ManufacturerItemDescription>כפפות איזי טאצ ניטרי</ManufacturerItemDescription>
      <UnitQty>Unknown</UnitQty>
      <Quantity>0.00</Quantity>
      <bIsWeighted>0</bIsWeighted>
      <UnitOfMeasure>Unknown</UnitOfMeasure>
      <QtyInPackage>1</QtyInPackage>
      <ItemPrice>24.90</ItemPrice>
      <UnitOfMeasurePrice>24.90</UnitOfMeasurePrice>
      <AllowDiscount>1</AllowDiscount>
      <ItemStatus>1</ItemStatus>
    </Item>
    <Item>
      <PriceUpdateDate>2025-07-30 23:01</PriceUpdateDate>
      <ItemCode>7290015968980</ItemCode>
      <ItemType>1</ItemType>
      <ItemName>כפפות איזי טאצ ניטריל ל.אבקה שחור 100 L</ItemName>
      <ManufacturerName>לא ידוע</ManufacturerName>
      <ManufactureCountry />
      <ManufacturerItemDescription>כפפות איזי טאצ ניטרי</ManufacturerItemDescription>
      <UnitQty>Unknown</UnitQty>
      <Quantity>0.00</Quantity>
      <bIsWeighted>0</bIsWeighted>
      <UnitOfMeasure>Unknown</UnitOfMeasure>
      <QtyInPackage>1</QtyInPackage>
      <ItemPrice>24.90</ItemPrice>
      <UnitOfMeasurePrice>24.90</UnitOfMeasurePrice>
      <AllowDiscount>1</AllowDiscount>
      <ItemStatus>1</ItemStatus>
    </Item>
    <Item>
      <PriceUpdateDate>2024-06-03 09:50</PriceUpdateDate>
      <ItemCode>7290015979559</ItemCode>
      <ItemType>1</ItemType>
      <ItemName>חסה עגולה</ItemName>
      <ManufacturerName>לא ידוע</ManufacturerName>
      <ManufactureCountry>לא ידוע</ManufactureCountry>
      <ManufacturerItemDescription>חסה ערבית           </ManufacturerItemDescription>
      <UnitQty>Unknown</UnitQty>
      <Quantity>0.00</Quantity>
      <bIsWeighted>0</bIsWeighted>
      <UnitOfMeasure>Unknown</UnitOfMeasure>
      <QtyInPackage>1</QtyInPackage>
      <ItemPrice>6.90</ItemPrice>
      <UnitOfMeasurePrice>6.90</UnitOfMeasurePrice>
      <AllowDiscount>1</AllowDiscount>
      <ItemStatus>1</ItemStatus>
    </Item>
    <Item>
      <PriceUpdateDate>2024-06-03 09:50</PriceUpdateDate>
      <ItemCode>7290015979665</ItemCode>
      <ItemType>1</ItemType>
      <ItemName>חסה עגולה</ItemName>
      <ManufacturerName>לא ידוע</ManufacturerName>
      <ManufactureCountry>לא ידוע</ManufactureCountry>
      <ManufacturerItemDescription>חסה עגולה           </ManufacturerItemDescription>
      <UnitQty>Unknown</UnitQty>
      <Quantity>0.00</Quantity>
      <bIsWeighted>0</bIsWeighted>
      <UnitOfMeasure>Unknown</UnitOfMeasure>
      <QtyInPackage>1</QtyInPackage>
      <ItemPrice>7.90</ItemPrice>
      <UnitOfMeasurePrice>7.90</UnitOfMeasurePrice>
      <AllowDiscount>1</AllowDiscount>
      <ItemStatus>1</ItemStatus>
    </Item>
    <Item>
      <PriceUpdateDate>2021-01-20 21:12</PriceUpdateDate>
      <ItemCode>7290016006025</ItemCode>
      <ItemType>1</ItemType>
      <ItemName>שוופס סודה שרינק 500 מ"ל</ItemName>
      <ManufacturerName>לא ידוע</ManufacturerName>
      <ManufactureCountry>לא ידוע</ManufactureCountry>
      <ManufacturerItemDescription>שוופס סודה שרינק 500</ManufacturerItemDescription>
      <UnitQty>מיליליטרים</UnitQty>
      <Quantity>500.00</Quantity>
      <bIsWeighted>0</bIsWeighted>
      <UnitOfMeasure>100 מ"ל</UnitOfMeasure>
      <QtyInPackage>1</QtyInPackage>
      <ItemPrice>2.90</ItemPrice>
      <UnitOfMeasurePrice>0.58</UnitOfMeasurePrice>
      <AllowDiscount>1</AllowDiscount>
      <ItemStatus>1</ItemStatus>
    </Item>
    <Item>
      <PriceUpdateDate>2023-06-20 09:46</PriceUpdateDate>
      <ItemCode>7290016006346</ItemCode>
      <ItemType>1</ItemType>
      <ItemName>שישיית שרינק 500 מל שוופס סודה</ItemName>
      <ManufacturerName>לא ידוע</ManufacturerName>
      <ManufactureCountry>לא ידוע</ManufactureCountry>
      <ManufacturerItemDescription>שישיית שוופס סודה 50</ManufacturerItemDescription>
      <UnitQty>מיליליטרים</UnitQty>
      <Quantity>1500.00</Quantity>
      <bIsWeighted>0</bIsWeighted>
      <UnitOfMeasure>100 מ"ל</UnitOfMeasure>
      <QtyInPackage>1</QtyInPackage>
      <ItemPrice>18.50</ItemPrice>
      <UnitOfMeasurePrice>1.23</UnitOfMeasurePrice>
      <AllowDiscount>1</AllowDiscount>
      <ItemStatus>1</ItemStatus>
    </Item>
    <Item>
      <PriceUpdateDate>2025-03-25 07:06</PriceUpdateDate>
      <ItemCode>7290016028836</ItemCode>
      <ItemType>1</ItemType>
      <ItemName>קש מתקפל צבעוני 150 יח</ItemName>
      <ManufacturerName>לא ידוע</ManufacturerName>
      <ManufactureCountry>סין</ManufactureCountry>
      <ManufacturerItemDescription>קשיות מתקפלות צבעוני</ManufacturerItemDescription>
      <UnitQty>יחידה</UnitQty>
      <Quantity>1.00</Quantity>
      <bIsWeighted>0</bIsWeighted>
      <UnitOfMeasure>יחידה</UnitOfMeasure>
      <QtyInPackage>1</QtyInPackage>
      <ItemPrice>13.50</ItemPrice>
      <UnitOfMeasurePrice>13.50</UnitOfMeasurePrice>
      <AllowDiscount>1</AllowDiscount>
      <ItemStatus>1</ItemStatus>
    </Item>
    <Item>
      <PriceUpdateDate>2025-06-06 05:55</PriceUpdateDate>
      <ItemCode>7290016077759</ItemCode>
      <ItemType>1</ItemType>
      <ItemName>רוטב ברביקיו קלאסי 480 גרם</ItemName>
      <ManufacturerName>לא ידוע</ManufacturerName>
      <ManufactureCountry>לא ידוע</ManufactureCountry>
      <ManufacturerItemDescription>רוטב ברביקיו קלאסי 4</ManufacturerItemDescription>
      <UnitQty>גרמים</UnitQty>
      <Quantity>480.00</Quantity>
      <bIsWeighted>0</bIsWeighted>
      <UnitOfMeasure>100 גרם</UnitOfMeasure>
      <QtyInPackage>1</QtyInPackage>
      <ItemPrice>22.90</ItemPrice>
      <UnitOfMeasurePrice>4.77</UnitOfMeasurePrice>
      <AllowDiscount>1</AllowDiscount>
      <ItemStatus>1</ItemStatus>
    </Item>
    <Item>
      <PriceUpdateDate>2025-02-12 10:09</PriceUpdateDate>
      <ItemCode>7290016087499</ItemCode>
      <ItemType>1</ItemType>
      <ItemName>עגבניה חתוך דק אריזת שלישייה A1</ItemName>
      <ManufacturerName>לא ידוע</ManufacturerName>
      <ManufactureCountry>לא ידוע</ManufactureCountry>
      <ManufacturerItemDescription>עגבניה חתוך דק אריזת</ManufacturerItemDescription>
      <UnitQty>Unknown</UnitQty>
      <Quantity>0.00</Quantity>
      <bIsWeighted>0</bIsWeighted>
      <UnitOfMeasure>Unknown</UnitOfMeasure>
      <QtyInPackage>1</QtyInPackage>
      <ItemPrice>18.90</ItemPrice>
      <UnitOfMeasurePrice>18.90</UnitOfMeasurePrice>
      <AllowDiscount>1</AllowDiscount>
      <ItemStatus>1</ItemStatus>
    </Item>
    <Item>
      <PriceUpdateDate>2022-08-01 21:34</PriceUpdateDate>
      <ItemCode>7290016137347</ItemCode>
      <ItemType>1</ItemType>
      <ItemName>עוג.שקדים ללתס 250 גרם</ItemName>
      <ManufacturerName>לא ידוע</ManufacturerName>
      <ManufactureCountry>IL</ManufactureCountry>
      <ManufacturerItemDescription>עוג.שקדים ללתס 250 ג</ManufacturerItemDescription>
      <UnitQty>גרמים</UnitQty>
      <Quantity>250.00</Quantity>
      <bIsWeighted>0</bIsWeighted>
      <UnitOfMeasure>100 גרם</UnitOfMeasure>
      <QtyInPackage>1</QtyInPackage>
      <ItemPrice>39.90</ItemPrice>
      <UnitOfMeasurePrice>15.96</UnitOfMeasurePrice>
      <AllowDiscount>1</AllowDiscount>
      <ItemStatus>1</ItemStatus>
    </Item>
    <Item>
      <PriceUpdateDate>2024-12-11 07:13</PriceUpdateDate>
      <ItemCode>7290016197488</ItemCode>
      <ItemType>1</ItemType>
      <ItemName>ניקול מטלית קסם לשיש מארז שלישייה</ItemName>
      <ManufacturerName>לא ידוע</ManufacturerName>
      <ManufactureCountry>לא ידוע</ManufactureCountry>
      <ManufacturerItemDescription>ניקול מטלית קסם לשיש</ManufacturerItemDescription>
      <UnitQty>Unknown</UnitQty>
      <Quantity>0.00</Quantity>
      <bIsWeighted>0</bIsWeighted>
      <UnitOfMeasure>Unknown</UnitOfMeasure>
      <QtyInPackage>1</QtyInPackage>
      <ItemPrice>15.90</ItemPrice>
      <UnitOfMeasurePrice>15.90</UnitOfMeasurePrice>
      <AllowDiscount>1</AllowDiscount>
      <ItemStatus>1</ItemStatus>
    </Item>
    <Item>
      <PriceUpdateDate>2022-05-27 10:24</PriceUpdateDate>
      <ItemCode>7290016197495</ItemCode>
      <ItemType>1</ItemType>
      <ItemName>ניקול מטלית קסם לרצפה מארז זוג</ItemName>
      <ManufacturerName>לא ידוע</ManufacturerName>
      <ManufactureCountry>לא ידוע</ManufactureCountry>
      <ManufacturerItemDescription>ניקול מטלית קסם לרצפ</ManufacturerItemDescription>
      <UnitQty>Unknown</UnitQty>
      <Quantity>0.00</Quantity>
      <bIsWeighted>0</bIsWeighted>
      <UnitOfMeasure>Unknown</UnitOfMeasure>
      <QtyInPackage>1</QtyInPackage>
      <ItemPrice>24.90</ItemPrice>
      <UnitOfMeasurePrice>24.90</UnitOfMeasurePrice>
      <AllowDiscount>1</AllowDiscount>
      <ItemStatus>1</ItemStatus>
    </Item>
    <Item>
      <PriceUpdateDate>2025-02-27 09:51</PriceUpdateDate>
      <ItemCode>7290016197877</ItemCode>
      <ItemType>1</ItemType>
      <ItemName>שקיות אשפה לפחים בינוניים 50*53 ס"מ 45</ItemName>
      <ManufacturerName>לא ידוע</ManufacturerName>
      <ManufactureCountry>לא ידוע</ManufactureCountry>
      <ManufacturerItemDescription>שקיות אשפה לפחים בינ</ManufacturerItemDescription>
      <UnitQty>Unknown</UnitQty>
      <Quantity>0.00</Quantity>
      <bIsWeighted>0</bIsWeighted>
      <UnitOfMeasure>Unknown</UnitOfMeasure>
      <QtyInPackage>1</QtyInPackage>
      <ItemPrice>33.90</ItemPrice>
      <UnitOfMeasurePrice>33.90</UnitOfMeasurePrice>
      <AllowDiscount>1</AllowDiscount>
      <ItemStatus>1</ItemStatus>
    </Item>
    <Item>
      <PriceUpdateDate>2025-03-11 08:28</PriceUpdateDate>
      <ItemCode>7290016217742</ItemCode>
      <ItemType>1</ItemType>
      <ItemName>חציל על אש בטחינה 200 גר</ItemName>
      <ManufacturerName>לא ידוע</ManufacturerName>
      <ManufactureCountry>לא ידוע</ManufactureCountry>
      <ManufacturerItemDescription>חציל על אש בטחינה 20</ManufacturerItemDescription>
      <UnitQty>גרמים</UnitQty>
      <Quantity>200.00</Quantity>
      <bIsWeighted>0</bIsWeighted>
      <UnitOfMeasure>100 גרם</UnitOfMeasure>
      <QtyInPackage>1</QtyInPackage>
      <ItemPrice>14.50</ItemPrice>
      <UnitOfMeasurePrice>7.25</UnitOfMeasurePrice>
      <AllowDiscount>1</AllowDiscount>
      <ItemStatus>1</ItemStatus>
    </Item>
    <Item>
      <PriceUpdateDate>2023-01-16 15:34</PriceUpdateDate>
      <ItemCode>7290016223781</ItemCode>
      <ItemType>1</ItemType>
      <ItemName>קערת נירוסטה 18 ס"מ 0.75 ל 6/3EURO</ItemName>
      <ManufacturerName>לא ידוע</ManufacturerName>
      <ManufactureCountry />
      <ManufacturerItemDescription>קערת נירוסטה 18 סמ 1</ManufacturerItemDescription>
      <UnitQty>Unknown</UnitQty>
      <Quantity>0.00</Quantity>
      <bIsWeighted>0</bIsWeighted>
      <UnitOfMeasure>Unknown</UnitOfMeasure>
      <QtyInPackage>1</QtyInPackage>
      <ItemPrice>31.90</ItemPrice>
      <UnitOfMeasurePrice>31.90</UnitOfMeasurePrice>
      <AllowDiscount>1</AllowDiscount>
      <ItemStatus>1</ItemStatus>
    </Item>
    <Item>
      <PriceUpdateDate>2025-03-16 07:19</PriceUpdateDate>
      <ItemCode>7290016233384</ItemCode>
      <ItemType>1</ItemType>
      <ItemName>גפילטע פיש 7 קציצות 540 גרם תומר</ItemName>
      <ManufacturerName>לא ידוע</ManufacturerName>
      <ManufactureCountry>לא ידוע</ManufactureCountry>
      <ManufacturerItemDescription>גפילטע פיש 7 קציצות </ManufacturerItemDescription>
      <UnitQty>גרמים</UnitQty>
      <Quantity>540.00</Quantity>
      <bIsWeighted>0</bIsWeighted>
      <UnitOfMeasure>100 גרם</UnitOfMeasure>
      <QtyInPackage>1</QtyInPackage>
      <ItemPrice>23.90</ItemPrice>
      <UnitOfMeasurePrice>4.43</UnitOfMeasurePrice>
      <AllowDiscount>1</AllowDiscount>
      <ItemStatus>1</ItemStatus>
    </Item>
    <Item>
      <PriceUpdateDate>2024-10-10 18:15</PriceUpdateDate>
      <ItemCode>7290016246445</ItemCode>
      <ItemType>1</ItemType>
      <ItemName>בארכה טחינה מעודנת שומשום מלא 310 גרם</ItemName>
      <ManufacturerName>לא ידוע</ManufacturerName>
      <ManufactureCountry>לא ידוע</ManufactureCountry>
      <ManufacturerItemDescription>בארכה טחינה מעודנת ש</ManufacturerItemDescription>
      <UnitQty>גרמים</UnitQty>
      <Quantity>310.00</Quantity>
      <bIsWeighted>0</bIsWeighted>
      <UnitOfMeasure>100 גרם</UnitOfMeasure>
      <QtyInPackage>1</QtyInPackage>
      <ItemPrice>17.90</ItemPrice>
      <UnitOfMeasurePrice>5.77</UnitOfMeasurePrice>
      <AllowDiscount>1</AllowDiscount>
      <ItemStatus>1</ItemStatus>
    </Item>
    <Item>
      <PriceUpdateDate>2025-03-25 07:06</PriceUpdateDate>
      <ItemCode>7290016277630</ItemCode>
      <ItemType>1</ItemType>
      <ItemName>צנובר 150 גרם ששון - קופסא</ItemName>
      <ManufacturerName>לא ידוע</ManufacturerName>
      <ManufactureCountry>לא ידוע</ManufactureCountry>
      <ManufacturerItemDescription>צנובר 150 גרם ששון -</ManufacturerItemDescription>
      <UnitQty>גרמים</UnitQty>
      <Quantity>150.00</Quantity>
      <bIsWeighted>0</bIsWeighted>
      <UnitOfMeasure>100 גרם</UnitOfMeasure>
      <QtyInPackage>1</QtyInPackage>
      <ItemPrice>39.90</ItemPrice>
      <UnitOfMeasurePrice>26.60</UnitOfMeasurePrice>
      <AllowDiscount>1</AllowDiscount>
      <ItemStatus>1</ItemStatus>
    </Item>
    <Item>
      <PriceUpdateDate>2023-05-03 15:47</PriceUpdateDate>
      <ItemCode>7290016321678</ItemCode>
      <ItemType>1</ItemType>
      <ItemName>מגבונים פרש וואנס נטורל קר רביעייה</ItemName>
      <ManufacturerName>לא ידוע</ManufacturerName>
      <ManufactureCountry>ישראל</ManufactureCountry>
      <ManufacturerItemDescription>מגבונים פרש וואנס נט</ManufacturerItemDescription>
      <UnitQty>Unknown</UnitQty>
      <Quantity>0.00</Quantity>
      <bIsWeighted>0</bIsWeighted>
      <UnitOfMeasure>Unknown</UnitOfMeasure>
      <QtyInPackage>1</QtyInPackage>
      <ItemPrice>21.90</ItemPrice>
      <UnitOfMeasurePrice>21.90</UnitOfMeasurePrice>
      <AllowDiscount>1</AllowDiscount>
      <ItemStatus>1</ItemStatus>
    </Item>
    <Item>
      <PriceUpdateDate>2025-03-20 09:35</PriceUpdateDate>
      <ItemCode>7290016372373</ItemCode>
      <ItemType>1</ItemType>
      <ItemName>רסק עגבניות גראנד איטליה 2 * 135 גרם</ItemName>
      <ManufacturerName>לא ידוע</ManufacturerName>
      <ManufactureCountry>איטליה</ManufactureCountry>
      <ManufacturerItemDescription>רסק עגבניות גראנד בל</ManufacturerItemDescription>
      <UnitQty>גרמים</UnitQty>
      <Quantity>270.00</Quantity>
      <bIsWeighted>0</bIsWeighted>
      <UnitOfMeasure>100 גרם</UnitOfMeasure>
      <QtyInPackage>1</QtyInPackage>
      <ItemPrice>13.20</ItemPrice>
      <UnitOfMeasurePrice>4.89</UnitOfMeasurePrice>
      <AllowDiscount>1</AllowDiscount>
      <ItemStatus>1</ItemStatus>
    </Item>
    <Item>
      <PriceUpdateDate>2025-08-07 09:03</PriceUpdateDate>
      <ItemCode>7290016509342</ItemCode>
      <ItemType>1</ItemType>
      <ItemName>סבון לאסלה כחול אקטיב סוד כדוריות 3 יח</ItemName>
      <ManufacturerName>לא ידוע</ManufacturerName>
      <ManufactureCountry>לא ידוע</ManufactureCountry>
      <ManufacturerItemDescription>סבון לאסלה כחול אקטי</ManufacturerItemDescription>
      <UnitQty>Unknown</UnitQty>
      <Quantity>0.00</Quantity>
      <bIsWeighted>0</bIsWeighted>
      <UnitOfMeasure>Unknown</UnitOfMeasure>
      <QtyInPackage>1</QtyInPackage>
      <ItemPrice>21.90</ItemPrice>
      <UnitOfMeasurePrice>21.90</UnitOfMeasurePrice>
      <AllowDiscount>1</AllowDiscount>
      <ItemStatus>1</ItemStatus>
    </Item>
    <Item>
      <PriceUpdateDate>2024-06-27 13:43</PriceUpdateDate>
      <ItemCode>7290016509786</ItemCode>
      <ItemType>1</ItemType>
      <ItemName>גל פרסיל ירוק 2.5 ל</ItemName>
      <ManufacturerName>לא ידוע</ManufacturerName>
      <ManufactureCountry />
      <ManufacturerItemDescription>גל פרסיל ירוק 2.5 ל </ManufacturerItemDescription>
      <UnitQty>ליטרים</UnitQty>
      <Quantity>0.00</Quantity>
      <bIsWeighted>0</bIsWeighted>
      <UnitOfMeasure>ליטר</UnitOfMeasure>
      <QtyInPackage>1</QtyInPackage>
      <ItemPrice>39.90</ItemPrice>
      <UnitOfMeasurePrice>39.90</UnitOfMeasurePrice>
      <AllowDiscount>1</AllowDiscount>
      <ItemStatus>1</ItemStatus>
    </Item>
    <Item>
      <PriceUpdateDate>2024-06-27 13:44</PriceUpdateDate>
      <ItemCode>7290016509809</ItemCode>
      <ItemType>1</ItemType>
      <ItemName>גל פרסיל קולור 2.5 ל</ItemName>
      <ManufacturerName>לא ידוע</ManufacturerName>
      <ManufactureCountry />
      <ManufacturerItemDescription>גל פרסיל קולור 2.5 ל</ManufacturerItemDescription>
      <UnitQty>ליטרים</UnitQty>
      <Quantity>0.00</Quantity>
      <bIsWeighted>0</bIsWeighted>
      <UnitOfMeasure>ליטר</UnitOfMeasure>
      <QtyInPackage>1</QtyInPackage>
      <ItemPrice>39.90</ItemPrice>
      <UnitOfMeasurePrice>39.90</UnitOfMeasurePrice>
      <AllowDiscount>1</AllowDiscount>
      <ItemStatus>1</ItemStatus>
    </Item>
    <Item>
      <PriceUpdateDate>2025-03-25 07:07</PriceUpdateDate>
      <ItemCode>7290016513288</ItemCode>
      <ItemType>1</ItemType>
      <ItemName>פטל אדום 250 גר</ItemName>
      <ManufacturerName>לא ידוע</ManufacturerName>
      <ManufactureCountry>לא ידוע</ManufactureCountry>
      <ManufacturerItemDescription>פטל אדום 250 גר     </ManufacturerItemDescription>
      <UnitQty>גרמים</UnitQty>
      <Quantity>250.00</Quantity>
      <bIsWeighted>0</bIsWeighted>
      <UnitOfMeasure>100 גרם</UnitOfMeasure>
      <QtyInPackage>1</QtyInPackage>
      <ItemPrice>27.90</ItemPrice>
      <UnitOfMeasurePrice>11.16</UnitOfMeasurePrice>
      <AllowDiscount>1</AllowDiscount>
      <ItemStatus>1</ItemStatus>
    </Item>
    <Item>
      <PriceUpdateDate>2025-03-25 07:08</PriceUpdateDate>
      <ItemCode>7290016513301</ItemCode>
      <ItemType>1</ItemType>
      <ItemName>דומדומית שחורה 250 גר</ItemName>
      <ManufacturerName>לא ידוע</ManufacturerName>
      <ManufactureCountry>לא ידוע</ManufactureCountry>
      <ManufacturerItemDescription>דומדומית שחורה 250 ג</ManufacturerItemDescription>
      <UnitQty>גרמים</UnitQty>
      <Quantity>250.00</Quantity>
      <bIsWeighted>0</bIsWeighted>
      <UnitOfMeasure>100 גרם</UnitOfMeasure>
      <QtyInPackage>1</QtyInPackage>
      <ItemPrice>20.90</ItemPrice>
      <UnitOfMeasurePrice>8.36</UnitOfMeasurePrice>
      <AllowDiscount>1</AllowDiscount>
      <ItemStatus>1</ItemStatus>
    </Item>
    <Item>
      <PriceUpdateDate>2025-03-25 07:05</PriceUpdateDate>
      <ItemCode>7290016513332</ItemCode>
      <ItemType>1</ItemType>
      <ItemName>מיקס פירות 250 גר</ItemName>
      <ManufacturerName>לא ידוע</ManufacturerName>
      <ManufactureCountry>לא ידוע</ManufactureCountry>
      <ManufacturerItemDescription>מיקס פירות 250 גר   </ManufacturerItemDescription>
      <UnitQty>גרמים</UnitQty>
      <Quantity>250.00</Quantity>
      <bIsWeighted>0</bIsWeighted>
      <UnitOfMeasure>100 גרם</UnitOfMeasure>
      <QtyInPackage>1</QtyInPackage>
      <ItemPrice>20.90</ItemPrice>
      <UnitOfMeasurePrice>8.36</UnitOfMeasurePrice>
      <AllowDiscount>1</AllowDiscount>
      <ItemStatus>1</ItemStatus>
    </Item>
    <Item>
      <PriceUpdateDate>2025-10-22 23:01</PriceUpdateDate>
      <ItemCode>7290016523508</ItemCode>
      <ItemType>1</ItemType>
      <ItemName>שימורי ליצ`י בסירופ קל מזרח ומערב 567 גרם</ItemName>
      <ManufacturerName>לא ידוע</ManufacturerName>
      <ManufactureCountry />
      <ManufacturerItemDescription>שימורי ליצ`י בסירופ </ManufacturerItemDescription>
      <UnitQty>גרמים</UnitQty>
      <Quantity>567.00</Quantity>
      <bIsWeighted>0</bIsWeighted>
      <UnitOfMeasure>100 גרם</UnitOfMeasure>
      <QtyInPackage>1</QtyInPackage>
      <ItemPrice>13.90</ItemPrice>
      <UnitOfMeasurePrice>2.45</UnitOfMeasurePrice>
      <AllowDiscount>1</AllowDiscount>
      <ItemStatus>1</ItemStatus>
    </Item>
    <Item>
      <PriceUpdateDate>2025-08-13 14:51</PriceUpdateDate>
      <ItemCode>7290016545180</ItemCode>
      <ItemType>1</ItemType>
      <ItemName>בירה חתול שמן  330 מ"ל בירבזאר</ItemName>
      <ManufacturerName>לא ידוע</ManufacturerName>
      <ManufactureCountry>IL</ManufactureCountry>
      <ManufacturerItemDescription>בירה חתול שמן 330 מל</ManufacturerItemDescription>
      <UnitQty>מיליליטרים</UnitQty>
      <Quantity>330.00</Quantity>
      <bIsWeighted>0</bIsWeighted>
      <UnitOfMeasure>100 מ"ל</UnitOfMeasure>
      <QtyInPackage>1</QtyInPackage>
      <ItemPrice>14.90</ItemPrice>
      <UnitOfMeasurePrice>4.52</UnitOfMeasurePrice>
      <AllowDiscount>1</AllowDiscount>
      <ItemStatus>1</ItemStatus>
    </Item>
    <Item>
      <PriceUpdateDate>2024-12-19 15:24</PriceUpdateDate>
      <ItemCode>7290016584011</ItemCode>
      <ItemType>1</ItemType>
      <ItemName>חטיפוני גזר 350 גרם</ItemName>
      <ManufacturerName>לא ידוע</ManufacturerName>
      <ManufactureCountry>לא ידוע</ManufactureCountry>
      <ManufacturerItemDescription>חטיפוני גזר 350 גרם </ManufacturerItemDescription>
      <UnitQty>יחידה</UnitQty>
      <Quantity>1.00</Quantity>
      <bIsWeighted>0</bIsWeighted>
      <UnitOfMeasure>יחידה</UnitOfMeasure>
      <QtyInPackage>1</QtyInPackage>
      <ItemPrice>13.90</ItemPrice>
      <UnitOfMeasurePrice>13.90</UnitOfMeasurePrice>
      <AllowDiscount>1</AllowDiscount>
      <ItemStatus>1</ItemStatus>
    </Item>
    <Item>
      <PriceUpdateDate>2021-06-17 12:25</PriceUpdateDate>
      <ItemCode>7290016584219</ItemCode>
      <ItemType>1</ItemType>
      <ItemName>שעועית ירוקה טריה  410 גר</ItemName>
      <ManufacturerName>לא ידוע</ManufacturerName>
      <ManufactureCountry>לא ידוע</ManufactureCountry>
      <ManufacturerItemDescription>שעועית ירוקה טריה   </ManufacturerItemDescription>
      <UnitQty>Unknown</UnitQty>
      <Quantity>0.00</Quantity>
      <bIsWeighted>0</bIsWeighted>
      <UnitOfMeasure>Unknown</UnitOfMeasure>
      <QtyInPackage>1</QtyInPackage>
      <ItemPrice>16.90</ItemPrice>
      <UnitOfMeasurePrice>16.90</UnitOfMeasurePrice>
      <AllowDiscount>1</AllowDiscount>
      <ItemStatus>1</ItemStatus>
    </Item>
    <Item>
      <PriceUpdateDate>2025-08-13 14:51</PriceUpdateDate>
      <ItemCode>7290016607772</ItemCode>
      <ItemType>1</ItemType>
      <ItemName>יין רוזה גליל דלתון 750 מ"ל</ItemName>
      <ManufacturerName>לא ידוע</ManufacturerName>
      <ManufactureCountry>לא ידוע</ManufactureCountry>
      <ManufacturerItemDescription>יין רוזה גליל דלתון </ManufacturerItemDescription>
      <UnitQty>Unknown</UnitQty>
      <Quantity>0.00</Quantity>
      <bIsWeighted>0</bIsWeighted>
      <UnitOfMeasure>Unknown</UnitOfMeasure>
      <QtyInPackage>1</QtyInPackage>
      <ItemPrice>72.90</ItemPrice>
      <UnitOfMeasurePrice>72.90</UnitOfMeasurePrice>
      <AllowDiscount>1</AllowDiscount>
      <ItemStatus>1</ItemStatus>
    </Item>
    <Item>
      <PriceUpdateDate>2024-01-10 15:27</PriceUpdateDate>
      <ItemCode>7290016682243</ItemCode>
      <ItemType>1</ItemType>
      <ItemName>מיץ אשכולית אדומה 1 ל</ItemName>
      <ManufacturerName>לא ידוע</ManufacturerName>
      <ManufactureCountry>ישראל</ManufactureCountry>
      <ManufacturerItemDescription>מיץ אשכולית אדומה 1 </ManufacturerItemDescription>
      <UnitQty>מיליליטרים</UnitQty>
      <Quantity>1000.00</Quantity>
      <bIsWeighted>0</bIsWeighted>
      <UnitOfMeasure>100 מ"ל</UnitOfMeasure>
      <QtyInPackage>1</QtyInPackage>
      <ItemPrice>23.20</ItemPrice>
      <UnitOfMeasurePrice>2.32</UnitOfMeasurePrice>
      <AllowDiscount>1</AllowDiscount>
      <ItemStatus>1</ItemStatus>
    </Item>
    <Item>
      <PriceUpdateDate>2025-04-23 13:08</PriceUpdateDate>
      <ItemCode>7290016818635</ItemCode>
      <ItemType>1</ItemType>
      <ItemName>רביולי גבינות פסטה נונה 300 גרם</ItemName>
      <ManufacturerName>לא ידוע</ManufacturerName>
      <ManufactureCountry>ישראל</ManufactureCountry>
      <ManufacturerItemDescription>רביולי גבינות פסטה נ</ManufacturerItemDescription>
      <UnitQty>גרמים</UnitQty>
      <Quantity>300.00</Quantity>
      <bIsWeighted>0</bIsWeighted>
      <UnitOfMeasure>100 גרם</UnitOfMeasure>
      <QtyInPackage>1</QtyInPackage>
      <ItemPrice>23.90</ItemPrice>
      <UnitOfMeasurePrice>7.97</UnitOfMeasurePrice>
      <AllowDiscount>1</AllowDiscount>
      <ItemStatus>1</ItemStatus>
    </Item>
    <Item>
      <PriceUpdateDate>2025-04-23 13:08</PriceUpdateDate>
      <ItemCode>7290016818666</ItemCode>
      <ItemType>1</ItemType>
      <ItemName>רביולי תרד וריקוטה פסטה נונה 300 גרם</ItemName>
      <ManufacturerName>לא ידוע</ManufacturerName>
      <ManufactureCountry>ישראל</ManufactureCountry>
      <ManufacturerItemDescription>רביולי תרד וריקוטה פ</ManufacturerItemDescription>
      <UnitQty>גרמים</UnitQty>
      <Quantity>300.00</Quantity>
      <bIsWeighted>0</bIsWeighted>
      <UnitOfMeasure>100 גרם</UnitOfMeasure>
      <QtyInPackage>1</QtyInPackage>
      <ItemPrice>23.90</ItemPrice>
      <UnitOfMeasurePrice>7.97</UnitOfMeasurePrice>
      <AllowDiscount>1</AllowDiscount>
      <ItemStatus>1</ItemStatus>
    </Item>
    <Item>
      <PriceUpdateDate>2025-09-16 12:36</PriceUpdateDate>
      <ItemCode>7290016866643</ItemCode>
      <ItemType>1</ItemType>
      <ItemName>משחת שיניים פרודונטקס פרש 75 מ"ל</ItemName>
      <ManufacturerName>לא ידוע</ManufacturerName>
      <ManufactureCountry>לא ידוע</ManufactureCountry>
      <ManufacturerItemDescription>משחת שיניים פרודנטקס</ManufacturerItemDescription>
      <UnitQty>Unknown</UnitQty>
      <Quantity>0.00</Quantity>
      <bIsWeighted>0</bIsWeighted>
      <UnitOfMeasure>Unknown</UnitOfMeasure>
      <QtyInPackage>1</QtyInPackage>
      <ItemPrice>34.90</ItemPrice>
      <UnitOfMeasurePrice>34.90</UnitOfMeasurePrice>
      <AllowDiscount>1</AllowDiscount>
      <ItemStatus>1</ItemStatus>
    </Item>
    <Item>
      <PriceUpdateDate>2025-09-16 12:36</PriceUpdateDate>
      <ItemCode>7290016866650</ItemCode>
      <ItemType>1</ItemType>
      <ItemName>משחת שיניים פרודונטקס אורגינל 75 מ"ל</ItemName>
      <ManufacturerName>לא ידוע</ManufacturerName>
      <ManufactureCountry>לא ידוע</ManufactureCountry>
      <ManufacturerItemDescription>משחת שיניים פרודנטקס</ManufacturerItemDescription>
      <UnitQty>Unknown</UnitQty>
      <Quantity>0.00</Quantity>
      <bIsWeighted>0</bIsWeighted>
      <UnitOfMeasure>Unknown</UnitOfMeasure>
      <QtyInPackage>1</QtyInPackage>
      <ItemPrice>34.90</ItemPrice>
      <UnitOfMeasurePrice>34.90</UnitOfMeasurePrice>
      <AllowDiscount>1</AllowDiscount>
      <ItemStatus>1</ItemStatus>
    </Item>
    <Item>
      <PriceUpdateDate>2023-01-03 23:45</PriceUpdateDate>
      <ItemCode>7290016882407</ItemCode>
      <ItemType>1</ItemType>
      <ItemName>מחית חצילים קלויים 510 גרם</ItemName>
      <ManufacturerName>לא ידוע</ManufacturerName>
      <ManufactureCountry>לא ידוע</ManufactureCountry>
      <ManufacturerItemDescription>מחית חצילים קלויים 5</ManufacturerItemDescription>
      <UnitQty>גרמים</UnitQty>
      <Quantity>510.00</Quantity>
      <bIsWeighted>0</bIsWeighted>
      <UnitOfMeasure>100 גרם</UnitOfMeasure>
      <QtyInPackage>1</QtyInPackage>
      <ItemPrice>13.90</ItemPrice>
      <UnitOfMeasurePrice>2.73</UnitOfMeasurePrice>
      <AllowDiscount>1</AllowDiscount>
      <ItemStatus>1</ItemStatus>
    </Item>
    <Item>
      <PriceUpdateDate>2025-11-17 14:55</PriceUpdateDate>
      <ItemCode>7290016945034</ItemCode>
      <ItemType>1</ItemType>
      <ItemName>עגבניה מגי</ItemName>
      <ManufacturerName>לא ידוע</ManufacturerName>
      <ManufactureCountry>לא ידוע</ManufactureCountry>
      <ManufacturerItemDescription>עגבניה מגי          </ManufacturerItemDescription>
      <UnitQty>Unknown</UnitQty>
      <Quantity>0.00</Quantity>
      <bIsWeighted>1</bIsWeighted>
      <UnitOfMeasure>ק"ג</UnitOfMeasure>
      <QtyInPackage>0</QtyInPackage>
      <ItemPrice>16.90</ItemPrice>
      <UnitOfMeasurePrice>16.90</UnitOfMeasurePrice>
      <AllowDiscount>1</AllowDiscount>
      <ItemStatus>1</ItemStatus>
    </Item>
    <Item>
      <PriceUpdateDate>2025-03-16 07:19</PriceUpdateDate>
      <ItemCode>7290017058139</ItemCode>
      <ItemType>1</ItemType>
      <ItemName>רסק תפוח עץ עם תות שדה 452 גר</ItemName>
      <ManufacturerName>לא ידוע</ManufacturerName>
      <ManufactureCountry>לא ידוע</ManufactureCountry>
      <ManufacturerItemDescription>רסק תפוח עץ עם תות ש</ManufacturerItemDescription>
      <UnitQty>גרמים</UnitQty>
      <Quantity>452.00</Quantity>
      <bIsWeighted>0</bIsWeighted>
      <UnitOfMeasure>100 גרם</UnitOfMeasure>
      <QtyInPackage>1</QtyInPackage>
      <ItemPrice>16.50</ItemPrice>
      <UnitOfMeasurePrice>3.65</UnitOfMeasurePrice>
      <AllowDiscount>1</AllowDiscount>
      <ItemStatus>1</ItemStatus>
    </Item>
    <Item>
      <PriceUpdateDate>2024-06-22 20:18</PriceUpdateDate>
      <ItemCode>7290017058573</ItemCode>
      <ItemType>1</ItemType>
      <ItemName>פרוסות פלפל חלפיניו 340 גרם</ItemName>
      <ManufacturerName>לא ידוע</ManufacturerName>
      <ManufactureCountry />
      <ManufacturerItemDescription>פרוסות פלפל חלפיניו </ManufacturerItemDescription>
      <UnitQty>גרמים</UnitQty>
      <Quantity>340.00</Quantity>
      <bIsWeighted>0</bIsWeighted>
      <UnitOfMeasure>100 גרם</UnitOfMeasure>
      <QtyInPackage>1</QtyInPackage>
      <ItemPrice>11.00</ItemPrice>
      <UnitOfMeasurePrice>3.24</UnitOfMeasurePrice>
      <AllowDiscount>1</AllowDiscount>
      <ItemStatus>1</ItemStatus>
    </Item>
    <Item>
      <PriceUpdateDate>2024-07-07 16:48</PriceUpdateDate>
      <ItemCode>7290017058795</ItemCode>
      <ItemType>1</ItemType>
      <ItemName>תירס גמדי שלם במי מלח בצנצנת 340 גרם</ItemName>
      <ManufacturerName>לא ידוע</ManufacturerName>
      <ManufactureCountry />
      <ManufacturerItemDescription>תירס גמדי שלם במי מל</ManufacturerItemDescription>
      <UnitQty>גרמים</UnitQty>
      <Quantity>340.00</Quantity>
      <bIsWeighted>0</bIsWeighted>
      <UnitOfMeasure>100 גרם</UnitOfMeasure>
      <QtyInPackage>1</QtyInPackage>
      <ItemPrice>9.40</ItemPrice>
      <UnitOfMeasurePrice>2.76</UnitOfMeasurePrice>
      <AllowDiscount>1</AllowDiscount>
      <ItemStatus>1</ItemStatus>
    </Item>
    <Item>
      <PriceUpdateDate>2025-09-16 12:36</PriceUpdateDate>
      <ItemCode>7290017065007</ItemCode>
      <ItemType>1</ItemType>
      <ItemName>פרוסות מוצרלה גד 200 גרם</ItemName>
      <ManufacturerName>לא ידוע</ManufacturerName>
      <ManufactureCountry>ישראל</ManufactureCountry>
      <ManufacturerItemDescription>פרוסות מוצרלה גד 200</ManufacturerItemDescription>
      <UnitQty>גרמים</UnitQty>
      <Quantity>200.00</Quantity>
      <bIsWeighted>0</bIsWeighted>
      <UnitOfMeasure>100 גרם</UnitOfMeasure>
      <QtyInPackage>1</QtyInPackage>
      <ItemPrice>23.90</ItemPrice>
      <UnitOfMeasurePrice>11.95</UnitOfMeasurePrice>
      <AllowDiscount>1</AllowDiscount>
      <ItemStatus>1</ItemStatus>
    </Item>
    <Item>
      <PriceUpdateDate>2025-09-16 12:36</PriceUpdateDate>
      <ItemCode>7290017065168</ItemCode>
      <ItemType>1</ItemType>
      <ItemName>גבינה כחולה 100 גר</ItemName>
      <ManufacturerName>לא ידוע</ManufacturerName>
      <ManufactureCountry>דנמרק</ManufactureCountry>
      <ManufacturerItemDescription>גבינה כחולה 100 גר  </ManufacturerItemDescription>
      <UnitQty>גרמים</UnitQty>
      <Quantity>100.00</Quantity>
      <bIsWeighted>0</bIsWeighted>
      <UnitOfMeasure>100 גרם</UnitOfMeasure>
      <QtyInPackage>1</QtyInPackage>
      <ItemPrice>26.90</ItemPrice>
      <UnitOfMeasurePrice>26.90</UnitOfMeasurePrice>
      <AllowDiscount>1</AllowDiscount>
      <ItemStatus>1</ItemStatus>
    </Item>
    <Item>
      <PriceUpdateDate>2025-03-25 07:01</PriceUpdateDate>
      <ItemCode>7290017065175</ItemCode>
      <ItemType>1</ItemType>
      <ItemName>גבינה מנצגו פרוסה 150 גר</ItemName>
      <ManufacturerName>לא ידוע</ManufacturerName>
      <ManufactureCountry>ספרד</ManufactureCountry>
      <ManufacturerItemDescription>גבינה מנצגו פרוסה 15</ManufacturerItemDescription>
      <UnitQty>גרמים</UnitQty>
      <Quantity>150.00</Quantity>
      <bIsWeighted>0</bIsWeighted>
      <UnitOfMeasure>100 גרם</UnitOfMeasure>
      <QtyInPackage>1</QtyInPackage>
      <ItemPrice>29.90</ItemPrice>
      <UnitOfMeasurePrice>19.93</UnitOfMeasurePrice>
      <AllowDiscount>1</AllowDiscount>
      <ItemStatus>1</ItemStatus>
    </Item>
    <Item>
      <PriceUpdateDate>2025-09-16 12:36</PriceUpdateDate>
      <ItemCode>7290017065212</ItemCode>
      <ItemType>1</ItemType>
      <ItemName>קרם מסקרפונה 250 גר</ItemName>
      <ManufacturerName>לא ידוע</ManufacturerName>
      <ManufactureCountry>ישראל</ManufactureCountry>
      <ManufacturerItemDescription>קרם מסקרפונה 250 גרם</ManufacturerItemDescription>
      <UnitQty>גרמים</UnitQty>
      <Quantity>250.00</Quantity>
      <bIsWeighted>0</bIsWeighted>
      <UnitOfMeasure>100 גרם</UnitOfMeasure>
      <QtyInPackage>1</QtyInPackage>
      <ItemPrice>25.90</ItemPrice>
      <UnitOfMeasurePrice>10.36</UnitOfMeasurePrice>
      <AllowDiscount>1</AllowDiscount>
      <ItemStatus>1</ItemStatus>
    </Item>
    <Item>
      <PriceUpdateDate>2025-09-16 12:36</PriceUpdateDate>
      <ItemCode>7290017065236</ItemCode>
      <ItemType>1</ItemType>
      <ItemName>גבינה בולגרית מעודנת 24% 250 גר</ItemName>
      <ManufacturerName>לא ידוע</ManufacturerName>
      <ManufactureCountry>ישראל</ManufactureCountry>
      <ManufacturerItemDescription>גבינה בולגרית מעודנת</ManufacturerItemDescription>
      <UnitQty>גרמים</UnitQty>
      <Quantity>250.00</Quantity>
      <bIsWeighted>0</bIsWeighted>
      <UnitOfMeasure>100 גרם</UnitOfMeasure>
      <QtyInPackage>1</QtyInPackage>
      <ItemPrice>30.90</ItemPrice>
      <UnitOfMeasurePrice>12.36</UnitOfMeasurePrice>
      <AllowDiscount>1</AllowDiscount>
      <ItemStatus>1</ItemStatus>
    </Item>
    <Item>
      <PriceUpdateDate>2025-09-16 12:36</PriceUpdateDate>
      <ItemCode>7290017065380</ItemCode>
      <ItemType>1</ItemType>
      <ItemName>שבבי גרנה פדנו 100 גר</ItemName>
      <ManufacturerName>לא ידוע</ManufacturerName>
      <ManufactureCountry>איטליה</ManufactureCountry>
      <ManufacturerItemDescription>שבבי גרנה פדנו 100 ג</ManufacturerItemDescription>
      <UnitQty>גרמים</UnitQty>
      <Quantity>100.00</Quantity>
      <bIsWeighted>0</bIsWeighted>
      <UnitOfMeasure>100 גרם</UnitOfMeasure>
      <QtyInPackage>1</QtyInPackage>
      <ItemPrice>20.90</ItemPrice>
      <UnitOfMeasurePrice>20.90</UnitOfMeasurePrice>
      <AllowDiscount>1</AllowDiscount>
      <ItemStatus>1</ItemStatus>
    </Item>
    <Item>
      <PriceUpdateDate>2025-09-16 12:37</PriceUpdateDate>
      <ItemCode>7290017065434</ItemCode>
      <ItemType>1</ItemType>
      <ItemName>פרוסות גאודה בקר 200 גר</ItemName>
      <ManufacturerName>לא ידוע</ManufacturerName>
      <ManufactureCountry>ישראל</ManufactureCountry>
      <ManufacturerItemDescription>פרוסות גאודה בקר 200</ManufacturerItemDescription>
      <UnitQty>גרמים</UnitQty>
      <Quantity>200.00</Quantity>
      <bIsWeighted>0</bIsWeighted>
      <UnitOfMeasure>100 גרם</UnitOfMeasure>
      <QtyInPackage>1</QtyInPackage>
      <ItemPrice>29.50</ItemPrice>
      <UnitOfMeasurePrice>14.75</UnitOfMeasurePrice>
      <AllowDiscount>1</AllowDiscount>
      <ItemStatus>1</ItemStatus>
    </Item>
    <Item>
      <PriceUpdateDate>2025-09-16 12:35</PriceUpdateDate>
      <ItemCode>7290017065526</ItemCode>
      <ItemType>1</ItemType>
      <ItemName>גבינה קוואטרו פורמאגי 300 גר</ItemName>
      <ManufacturerName>לא ידוע</ManufacturerName>
      <ManufactureCountry>ישראל</ManufactureCountry>
      <ManufacturerItemDescription>גבינה קוואטרו פורמאג</ManufacturerItemDescription>
      <UnitQty>גרמים</UnitQty>
      <Quantity>300.00</Quantity>
      <bIsWeighted>0</bIsWeighted>
      <UnitOfMeasure>100 גרם</UnitOfMeasure>
      <QtyInPackage>1</QtyInPackage>
      <ItemPrice>36.50</ItemPrice>
      <UnitOfMeasurePrice>12.17</UnitOfMeasurePrice>
      <AllowDiscount>1</AllowDiscount>
      <ItemStatus>1</ItemStatus>
    </Item>
    <Item>
      <PriceUpdateDate>2024-06-27 13:46</PriceUpdateDate>
      <ItemCode>7290017065588</ItemCode>
      <ItemType>1</ItemType>
      <ItemName>יוגורט יווני 10% 600 גר</ItemName>
      <ManufacturerName>לא ידוע</ManufacturerName>
      <ManufactureCountry>ישראל</ManufactureCountry>
      <ManufacturerItemDescription>יוגורט יווני 10% 600</ManufacturerItemDescription>
      <UnitQty>גרמים</UnitQty>
      <Quantity>600.00</Quantity>
      <bIsWeighted>0</bIsWeighted>
      <UnitOfMeasure>100 גרם</UnitOfMeasure>
      <QtyInPackage>1</QtyInPackage>
      <ItemPrice>21.50</ItemPrice>
      <UnitOfMeasurePrice>3.58</UnitOfMeasurePrice>
      <AllowDiscount>1</AllowDiscount>
      <ItemStatus>1</ItemStatus>
    </Item>
    <Item>
      <PriceUpdateDate>2025-09-16 12:37</PriceUpdateDate>
      <ItemCode>7290017065618</ItemCode>
      <ItemType>1</ItemType>
      <ItemName>פקורינו פרוס 150 גר</ItemName>
      <ManufacturerName>לא ידוע</ManufacturerName>
      <ManufactureCountry>ספרד</ManufactureCountry>
      <ManufacturerItemDescription>פקורינו פרוס 150 גר </ManufacturerItemDescription>
      <UnitQty>גרמים</UnitQty>
      <Quantity>150.00</Quantity>
      <bIsWeighted>0</bIsWeighted>
      <UnitOfMeasure>100 גרם</UnitOfMeasure>
      <QtyInPackage>1</QtyInPackage>
      <ItemPrice>29.50</ItemPrice>
      <UnitOfMeasurePrice>19.67</UnitOfMeasurePrice>
      <AllowDiscount>1</AllowDiscount>
      <ItemStatus>1</ItemStatus>
    </Item>
    <Item>
      <PriceUpdateDate>2025-09-16 12:37</PriceUpdateDate>
      <ItemCode>7290017065663</ItemCode>
      <ItemType>1</ItemType>
      <ItemName>פטה עיזים מעודנת 16% 250 גר</ItemName>
      <ManufacturerName>לא ידוע</ManufacturerName>
      <ManufactureCountry />
      <ManufacturerItemDescription>פטה עיזים מעודנת 16%</ManufacturerItemDescription>
      <UnitQty>גרמים</UnitQty>
      <Quantity>250.00</Quantity>
      <bIsWeighted>0</bIsWeighted>
      <UnitOfMeasure>100 גרם</UnitOfMeasure>
      <QtyInPackage>1</QtyInPackage>
      <ItemPrice>38.90</ItemPrice>
      <UnitOfMeasurePrice>15.56</UnitOfMeasurePrice>
      <AllowDiscount>1</AllowDiscount>
      <ItemStatus>1</ItemStatus>
    </Item>
    <Item>
      <PriceUpdateDate>2025-09-16 12:36</PriceUpdateDate>
      <ItemCode>7290017065786</ItemCode>
      <ItemType>1</ItemType>
      <ItemName>צדר 210 גרם</ItemName>
      <ManufacturerName>לא ידוע</ManufacturerName>
      <ManufactureCountry />
      <ManufacturerItemDescription>צדר 210 גרם         </ManufacturerItemDescription>
      <UnitQty>גרמים</UnitQty>
      <Quantity>210.00</Quantity>
      <bIsWeighted>0</bIsWeighted>
      <UnitOfMeasure>100 גרם</UnitOfMeasure>
      <QtyInPackage>1</QtyInPackage>
      <ItemPrice>32.90</ItemPrice>
      <UnitOfMeasurePrice>15.67</UnitOfMeasurePrice>
      <AllowDiscount>1</AllowDiscount>
      <ItemStatus>1</ItemStatus>
    </Item>
    <Item>
      <PriceUpdateDate>2024-02-04 10:54</PriceUpdateDate>
      <ItemCode>7290017142388</ItemCode>
      <ItemType>1</ItemType>
      <ItemName>שמן חמניות פלוס אומגה 3 1 ליטר</ItemName>
      <ManufacturerName>לא ידוע</ManufacturerName>
      <ManufactureCountry>ישראל</ManufactureCountry>
      <ManufacturerItemDescription>שמן חמניות פלוס אומג</ManufacturerItemDescription>
      <UnitQty>ליטרים</UnitQty>
      <Quantity>0.00</Quantity>
      <bIsWeighted>0</bIsWeighted>
      <UnitOfMeasure>ליטר</UnitOfMeasure>
      <QtyInPackage>1</QtyInPackage>
      <ItemPrice>17.90</ItemPrice>
      <UnitOfMeasurePrice>17.90</UnitOfMeasurePrice>
      <AllowDiscount>1</AllowDiscount>
      <ItemStatus>1</ItemStatus>
    </Item>
    <Item>
      <PriceUpdateDate>2025-01-29 07:01</PriceUpdateDate>
      <ItemCode>7290017142418</ItemCode>
      <ItemType>1</ItemType>
      <ItemName>טונה עם אורז ועדשים בשמן זית 160 גר</ItemName>
      <ManufacturerName>לא ידוע</ManufacturerName>
      <ManufactureCountry>תאילנד</ManufactureCountry>
      <ManufacturerItemDescription>טונה עם אורז ועדשים </ManufacturerItemDescription>
      <UnitQty>גרמים</UnitQty>
      <Quantity>160.00</Quantity>
      <bIsWeighted>0</bIsWeighted>
      <UnitOfMeasure>100 גרם</UnitOfMeasure>
      <QtyInPackage>1</QtyInPackage>
      <ItemPrice>16.90</ItemPrice>
      <UnitOfMeasurePrice>10.56</UnitOfMeasurePrice>
      <AllowDiscount>1</AllowDiscount>
      <ItemStatus>1</ItemStatus>
    </Item>
    <Item>
      <PriceUpdateDate>2023-12-14 09:22</PriceUpdateDate>
      <ItemCode>7290017142456</ItemCode>
      <ItemType>1</ItemType>
      <ItemName>נתחי טונה בשמן זית 160*2 גר עץ הזית</ItemName>
      <ManufacturerName>לא ידוע</ManufacturerName>
      <ManufactureCountry>תאילנד</ManufactureCountry>
      <ManufacturerItemDescription>נתחי טונה בשמן זית 1</ManufacturerItemDescription>
      <UnitQty>גרמים</UnitQty>
      <Quantity>320.00</Quantity>
      <bIsWeighted>0</bIsWeighted>
      <UnitOfMeasure>100 גרם</UnitOfMeasure>
      <QtyInPackage>1</QtyInPackage>
      <ItemPrice>29.90</ItemPrice>
      <UnitOfMeasurePrice>9.34</UnitOfMeasurePrice>
      <AllowDiscount>1</AllowDiscount>
      <ItemStatus>1</ItemStatus>
    </Item>
    <Item>
      <PriceUpdateDate>2024-01-26 20:17</PriceUpdateDate>
      <ItemCode>7290017197012</ItemCode>
      <ItemType>1</ItemType>
      <ItemName>אל סבון la belle תות ורוד 1 ל</ItemName>
      <ManufacturerName>לא ידוע</ManufacturerName>
      <ManufactureCountry>לא ידוע</ManufactureCountry>
      <ManufacturerItemDescription>אל סבון la belle תות</ManufacturerItemDescription>
      <UnitQty>מיליליטרים</UnitQty>
      <Quantity>1000.00</Quantity>
      <bIsWeighted>0</bIsWeighted>
      <UnitOfMeasure>100 מ"ל</UnitOfMeasure>
      <QtyInPackage>1</QtyInPackage>
      <ItemPrice>13.40</ItemPrice>
      <UnitOfMeasurePrice>1.34</UnitOfMeasurePrice>
      <AllowDiscount>1</AllowDiscount>
      <ItemStatus>1</ItemStatus>
    </Item>
    <Item>
      <PriceUpdateDate>2024-11-25 13:35</PriceUpdateDate>
      <ItemCode>7290017217918</ItemCode>
      <ItemType>1</ItemType>
      <ItemName>מדליק פחם נוזלי איזי לייט 500 מ"ל</ItemName>
      <ManufacturerName>לא ידוע</ManufacturerName>
      <ManufactureCountry>הולנד</ManufactureCountry>
      <ManufacturerItemDescription>מדליק פחם נוזלי איזי</ManufacturerItemDescription>
      <UnitQty>מיליליטרים</UnitQty>
      <Quantity>500.00</Quantity>
      <bIsWeighted>0</bIsWeighted>
      <UnitOfMeasure>100 מ"ל</UnitOfMeasure>
      <QtyInPackage>1</QtyInPackage>
      <ItemPrice>23.90</ItemPrice>
      <UnitOfMeasurePrice>4.78</UnitOfMeasurePrice>
      <AllowDiscount>1</AllowDiscount>
      <ItemStatus>1</ItemStatus>
    </Item>
    <Item>
      <PriceUpdateDate>2023-07-04 18:04</PriceUpdateDate>
      <ItemCode>7290017291734</ItemCode>
      <ItemType>1</ItemType>
      <ItemName>בצלצלי שאלוט</ItemName>
      <ManufacturerName>לא ידוע</ManufacturerName>
      <ManufactureCountry>לא ידוע</ManufactureCountry>
      <ManufacturerItemDescription>בצלצלי שאלוט        </ManufacturerItemDescription>
      <UnitQty>Unknown</UnitQty>
      <Quantity>0.00</Quantity>
      <bIsWeighted>0</bIsWeighted>
      <UnitOfMeasure>Unknown</UnitOfMeasure>
      <QtyInPackage>1</QtyInPackage>
      <ItemPrice>12.90</ItemPrice>
      <UnitOfMeasurePrice>12.90</UnitOfMeasurePrice>
      <AllowDiscount>1</AllowDiscount>
      <ItemStatus>1</ItemStatus>
    </Item>
    <Item>
      <PriceUpdateDate>2025-11-14 09:53</PriceUpdateDate>
      <ItemCode>7290017477169</ItemCode>
      <ItemType>1</ItemType>
      <ItemName>קשיו קלוי 225 גרם ששון הקולה</ItemName>
      <ManufacturerName>לא ידוע</ManufacturerName>
      <ManufactureCountry>לא ידוע</ManufactureCountry>
      <ManufacturerItemDescription>קשיו קלוי 225 גרם שש</ManufacturerItemDescription>
      <UnitQty>גרמים</UnitQty>
      <Quantity>225.00</Quantity>
      <bIsWeighted>0</bIsWeighted>
      <UnitOfMeasure>100 גרם</UnitOfMeasure>
      <QtyInPackage>1</QtyInPackage>
      <ItemPrice>24.90</ItemPrice>
      <UnitOfMeasurePrice>11.07</UnitOfMeasurePrice>
      <AllowDiscount>1</AllowDiscount>
      <ItemStatus>1</ItemStatus>
    </Item>
    <Item>
      <PriceUpdateDate>2024-11-25 13:33</PriceUpdateDate>
      <ItemCode>7290017617091</ItemCode>
      <ItemType>1</ItemType>
      <ItemName>סטארקיסט מיקס טו גו טונה ופתיתים 185 גרם</ItemName>
      <ManufacturerName>לא ידוע</ManufacturerName>
      <ManufactureCountry>לא ידוע</ManufactureCountry>
      <ManufacturerItemDescription>סטארקיסט מיקס טו גו </ManufacturerItemDescription>
      <UnitQty>גרמים</UnitQty>
      <Quantity>185.00</Quantity>
      <bIsWeighted>0</bIsWeighted>
      <UnitOfMeasure>100 גרם</UnitOfMeasure>
      <QtyInPackage>1</QtyInPackage>
      <ItemPrice>16.90</ItemPrice>
      <UnitOfMeasurePrice>9.14</UnitOfMeasurePrice>
      <AllowDiscount>1</AllowDiscount>
      <ItemStatus>1</ItemStatus>
    </Item>
    <Item>
      <PriceUpdateDate>2024-01-01 09:32</PriceUpdateDate>
      <ItemCode>7290017617138</ItemCode>
      <ItemType>1</ItemType>
      <ItemName>סטארקיסט טונה קנולה דלת נתרן שמן 4*160</ItemName>
      <ManufacturerName>לא ידוע</ManufacturerName>
      <ManufactureCountry>לא ידוע</ManufactureCountry>
      <ManufacturerItemDescription>סטארקיסט טונה קנולה </ManufacturerItemDescription>
      <UnitQty>גרמים</UnitQty>
      <Quantity>640.00</Quantity>
      <bIsWeighted>0</bIsWeighted>
      <UnitOfMeasure>100 גרם</UnitOfMeasure>
      <QtyInPackage>1</QtyInPackage>
      <ItemPrice>26.90</ItemPrice>
      <UnitOfMeasurePrice>4.20</UnitOfMeasurePrice>
      <AllowDiscount>1</AllowDiscount>
      <ItemStatus>1</ItemStatus>
    </Item>
    <Item>
      <PriceUpdateDate>2025-03-25 07:08</PriceUpdateDate>
      <ItemCode>7290017617381</ItemCode>
      <ItemType>1</ItemType>
      <ItemName>לאנץ בוקס אורז פיקנטי סטארקיסט 200 גר</ItemName>
      <ManufacturerName>לא ידוע</ManufacturerName>
      <ManufactureCountry />
      <ManufacturerItemDescription>לאנץ בוקס אורז פיקנט</ManufacturerItemDescription>
      <UnitQty>גרמים</UnitQty>
      <Quantity>200.00</Quantity>
      <bIsWeighted>0</bIsWeighted>
      <UnitOfMeasure>100 גרם</UnitOfMeasure>
      <QtyInPackage>1</QtyInPackage>
      <ItemPrice>17.50</ItemPrice>
      <UnitOfMeasurePrice>8.75</UnitOfMeasurePrice>
      <AllowDiscount>1</AllowDiscount>
      <ItemStatus>1</ItemStatus>
    </Item>
    <Item>
      <PriceUpdateDate>2025-03-25 07:06</PriceUpdateDate>
      <ItemCode>7290017617398</ItemCode>
      <ItemType>1</ItemType>
      <ItemName>לאנץ בוקס פסטה סטארקיסט 200 גר</ItemName>
      <ManufacturerName>לא ידוע</ManufacturerName>
      <ManufactureCountry />
      <ManufacturerItemDescription>לאנץ בוקס פסטה סטארק</ManufacturerItemDescription>
      <UnitQty>גרמים</UnitQty>
      <Quantity>200.00</Quantity>
      <bIsWeighted>0</bIsWeighted>
      <UnitOfMeasure>100 גרם</UnitOfMeasure>
      <QtyInPackage>1</QtyInPackage>
      <ItemPrice>17.50</ItemPrice>
      <UnitOfMeasurePrice>8.75</UnitOfMeasurePrice>
      <AllowDiscount>1</AllowDiscount>
      <ItemStatus>1</ItemStatus>
    </Item>
    <Item>
      <PriceUpdateDate>2025-03-25 07:05</PriceUpdateDate>
      <ItemCode>7290017617411</ItemCode>
      <ItemType>1</ItemType>
      <ItemName>טונה סטארקיסט סלמון אורז מלא וירקות 160ג</ItemName>
      <ManufacturerName>לא ידוע</ManufacturerName>
      <ManufactureCountry>פולין</ManufactureCountry>
      <ManufacturerItemDescription>טונה סטארקיסט סלמון </ManufacturerItemDescription>
      <UnitQty>גרמים</UnitQty>
      <Quantity>160.00</Quantity>
      <bIsWeighted>0</bIsWeighted>
      <UnitOfMeasure>100 גרם</UnitOfMeasure>
      <QtyInPackage>1</QtyInPackage>
      <ItemPrice>20.90</ItemPrice>
      <UnitOfMeasurePrice>13.06</UnitOfMeasurePrice>
      <AllowDiscount>1</AllowDiscount>
      <ItemStatus>1</ItemStatus>
    </Item>
    <Item>
      <PriceUpdateDate>2025-02-24 11:09</PriceUpdateDate>
      <ItemCode>7290017617435</ItemCode>
      <ItemType>1</ItemType>
      <ItemName>טונה סטארקיסט סלמון עדשים קינואה וירק160</ItemName>
      <ManufacturerName>לא ידוע</ManufacturerName>
      <ManufactureCountry>פולין</ManufactureCountry>
      <ManufacturerItemDescription>טונה סטארקיסט סלמון </ManufacturerItemDescription>
      <UnitQty>גרמים</UnitQty>
      <Quantity>160.00</Quantity>
      <bIsWeighted>0</bIsWeighted>
      <UnitOfMeasure>100 גרם</UnitOfMeasure>
      <QtyInPackage>1</QtyInPackage>
      <ItemPrice>20.90</ItemPrice>
      <UnitOfMeasurePrice>13.06</UnitOfMeasurePrice>
      <AllowDiscount>1</AllowDiscount>
      <ItemStatus>1</ItemStatus>
    </Item>
    <Item>
      <PriceUpdateDate>2025-03-25 07:08</PriceUpdateDate>
      <ItemCode>7290017617466</ItemCode>
      <ItemType>1</ItemType>
      <ItemName>טונה סטארקיסט במים רביעייה 120 גר</ItemName>
      <ManufacturerName>לא ידוע</ManufacturerName>
      <ManufactureCountry>ויטנאם</ManufactureCountry>
      <ManufacturerItemDescription>טונה סטארקיסט במים 1</ManufacturerItemDescription>
      <UnitQty>גרמים</UnitQty>
      <Quantity>480.00</Quantity>
      <bIsWeighted>0</bIsWeighted>
      <UnitOfMeasure>100 גרם</UnitOfMeasure>
      <QtyInPackage>1</QtyInPackage>
      <ItemPrice>25.90</ItemPrice>
      <UnitOfMeasurePrice>5.40</UnitOfMeasurePrice>
      <AllowDiscount>1</AllowDiscount>
      <ItemStatus>1</ItemStatus>
    </Item>
    <Item>
      <PriceUpdateDate>2025-03-25 07:07</PriceUpdateDate>
      <ItemCode>7290017617572</ItemCode>
      <ItemType>1</ItemType>
      <ItemName>לאנץ בוקס אטריות אורז ברוטב פאד תאי200ג</ItemName>
      <ManufacturerName>לא ידוע</ManufacturerName>
      <ManufactureCountry />
      <ManufacturerItemDescription>לאנץ בוקס אטריות אור</ManufacturerItemDescription>
      <UnitQty>גרמים</UnitQty>
      <Quantity>200.00</Quantity>
      <bIsWeighted>0</bIsWeighted>
      <UnitOfMeasure>100 גרם</UnitOfMeasure>
      <QtyInPackage>1</QtyInPackage>
      <ItemPrice>17.50</ItemPrice>
      <UnitOfMeasurePrice>8.75</UnitOfMeasurePrice>
      <AllowDiscount>1</AllowDiscount>
      <ItemStatus>1</ItemStatus>
    </Item>
    <Item>
      <PriceUpdateDate>2025-03-25 07:07</PriceUpdateDate>
      <ItemCode>7290017617589</ItemCode>
      <ItemType>1</ItemType>
      <ItemName>טונה סטארקיסט מיקס סלומון קינואה 160 גר</ItemName>
      <ManufacturerName>לא ידוע</ManufacturerName>
      <ManufactureCountry />
      <ManufacturerItemDescription>טונה סטארקיסט מיקס ס</ManufacturerItemDescription>
      <UnitQty>גרמים</UnitQty>
      <Quantity>160.00</Quantity>
      <bIsWeighted>0</bIsWeighted>
      <UnitOfMeasure>100 גרם</UnitOfMeasure>
      <QtyInPackage>1</QtyInPackage>
      <ItemPrice>20.90</ItemPrice>
      <UnitOfMeasurePrice>13.06</UnitOfMeasurePrice>
      <AllowDiscount>1</AllowDiscount>
      <ItemStatus>1</ItemStatus>
    </Item>
    <Item>
      <PriceUpdateDate>2025-06-22 11:46</PriceUpdateDate>
      <ItemCode>7290017617701</ItemCode>
      <ItemType>1</ItemType>
      <ItemName>פילה טונה סטארקיסט שמן זית ופלפל 120 גר</ItemName>
      <ManufacturerName>לא ידוע</ManufacturerName>
      <ManufactureCountry>תאילנד</ManufactureCountry>
      <ManufacturerItemDescription>פילה טונה סטארקיסט ש</ManufacturerItemDescription>
      <UnitQty>גרמים</UnitQty>
      <Quantity>120.00</Quantity>
      <bIsWeighted>0</bIsWeighted>
      <UnitOfMeasure>100 גרם</UnitOfMeasure>
      <QtyInPackage>1</QtyInPackage>
      <ItemPrice>16.90</ItemPrice>
      <UnitOfMeasurePrice>14.08</UnitOfMeasurePrice>
      <AllowDiscount>1</AllowDiscount>
      <ItemStatus>1</ItemStatus>
    </Item>
    <Item>
      <PriceUpdateDate>2024-10-10 18:14</PriceUpdateDate>
      <ItemCode>7290017677804</ItemCode>
      <ItemType>1</ItemType>
      <ItemName>רוטב סויה קיקומן 444 מ"ל</ItemName>
      <ManufacturerName>לא ידוע</ManufacturerName>
      <ManufactureCountry>לא ידוע</ManufactureCountry>
      <ManufacturerItemDescription>רוטב סויה קיקומן 444</ManufacturerItemDescription>
      <UnitQty>מיליליטרים</UnitQty>
      <Quantity>444.00</Quantity>
      <bIsWeighted>0</bIsWeighted>
      <UnitOfMeasure>100 מ"ל</UnitOfMeasure>
      <QtyInPackage>1</QtyInPackage>
      <ItemPrice>28.90</ItemPrice>
      <UnitOfMeasurePrice>6.51</UnitOfMeasurePrice>
      <AllowDiscount>1</AllowDiscount>
      <ItemStatus>1</ItemStatus>
    </Item>
    <Item>
      <PriceUpdateDate>2021-01-20 21:12</PriceUpdateDate>
      <ItemCode>7290017888347</ItemCode>
      <ItemType>1</ItemType>
      <ItemName>מי עדן אישי 500 מל</ItemName>
      <ManufacturerName>לא ידוע</ManufacturerName>
      <ManufactureCountry>ישראל</ManufactureCountry>
      <ManufacturerItemDescription>מי עדן אישי 500 מל  </ManufacturerItemDescription>
      <UnitQty>מיליליטרים</UnitQty>
      <Quantity>500.00</Quantity>
      <bIsWeighted>0</bIsWeighted>
      <UnitOfMeasure>100 מ"ל</UnitOfMeasure>
      <QtyInPackage>1</QtyInPackage>
      <ItemPrice>2.90</ItemPrice>
      <UnitOfMeasurePrice>0.58</UnitOfMeasurePrice>
      <AllowDiscount>1</AllowDiscount>
      <ItemStatus>1</ItemStatus>
    </Item>
    <Item>
      <PriceUpdateDate>2023-08-27 16:09</PriceUpdateDate>
      <ItemCode>7290017888729</ItemCode>
      <ItemType>1</ItemType>
      <ItemName>שוופס סודה 1 ליטר</ItemName>
      <ManufacturerName>לא ידוע</ManufacturerName>
      <ManufactureCountry>IL</ManufactureCountry>
      <ManufacturerItemDescription>שוופס סודה 1 ליטר   </ManufacturerItemDescription>
      <UnitQty>מיליליטרים</UnitQty>
      <Quantity>1000.00</Quantity>
      <bIsWeighted>0</bIsWeighted>
      <UnitOfMeasure>100 מ"ל</UnitOfMeasure>
      <QtyInPackage>1</QtyInPackage>
      <ItemPrice>5.10</ItemPrice>
      <UnitOfMeasurePrice>0.51</UnitOfMeasurePrice>
      <AllowDiscount>1</AllowDiscount>
      <ItemStatus>1</ItemStatus>
    </Item>
    <Item>
      <PriceUpdateDate>2024-11-25 13:33</PriceUpdateDate>
      <ItemCode>7290017888972</ItemCode>
      <ItemType>1</ItemType>
      <ItemName>מי עדן פקק ספורט 1 ליטר</ItemName>
      <ManufacturerName>לא ידוע</ManufacturerName>
      <ManufactureCountry>ישראל</ManufactureCountry>
      <ManufacturerItemDescription>מי עדן פקק ספורט 1 ל</ManufacturerItemDescription>
      <UnitQty>מיליליטרים</UnitQty>
      <Quantity>1000.00</Quantity>
      <bIsWeighted>0</bIsWeighted>
      <UnitOfMeasure>100 מ"ל</UnitOfMeasure>
      <QtyInPackage>1</QtyInPackage>
      <ItemPrice>6.20</ItemPrice>
      <UnitOfMeasurePrice>0.62</UnitOfMeasurePrice>
      <AllowDiscount>1</AllowDiscount>
      <ItemStatus>1</ItemStatus>
    </Item>
    <Item>
      <PriceUpdateDate>2024-12-02 15:19</PriceUpdateDate>
      <ItemCode>7290017894089</ItemCode>
      <ItemType>1</ItemType>
      <ItemName>קמח שיבולת שועל דגש 400 גרם</ItemName>
      <ManufacturerName>לא ידוע</ManufacturerName>
      <ManufactureCountry>ישראל</ManufactureCountry>
      <ManufacturerItemDescription>קמח שיבולת שועל דגש </ManufacturerItemDescription>
      <UnitQty>גרמים</UnitQty>
      <Quantity>400.00</Quantity>
      <bIsWeighted>0</bIsWeighted>
      <UnitOfMeasure>100 גרם</UnitOfMeasure>
      <QtyInPackage>1</QtyInPackage>
      <ItemPrice>28.90</ItemPrice>
      <UnitOfMeasurePrice>7.23</UnitOfMeasurePrice>
      <AllowDiscount>1</AllowDiscount>
      <ItemStatus>1</ItemStatus>
    </Item>
    <Item>
      <PriceUpdateDate>2025-03-25 07:01</PriceUpdateDate>
      <ItemCode>7290017894157</ItemCode>
      <ItemType>1</ItemType>
      <ItemName>נייר אפייה אקולוגי אקופרנד 40 יח</ItemName>
      <ManufacturerName>לא ידוע</ManufacturerName>
      <ManufactureCountry>ישראל</ManufactureCountry>
      <ManufacturerItemDescription>נייר אפייה אקולוגי א</ManufacturerItemDescription>
      <UnitQty>Unknown</UnitQty>
      <Quantity>0.00</Quantity>
      <bIsWeighted>0</bIsWeighted>
      <UnitOfMeasure>Unknown</UnitOfMeasure>
      <QtyInPackage>1</QtyInPackage>
      <ItemPrice>18.50</ItemPrice>
      <UnitOfMeasurePrice>18.50</UnitOfMeasurePrice>
      <AllowDiscount>1</AllowDiscount>
      <ItemStatus>1</ItemStatus>
    </Item>
    <Item>
      <PriceUpdateDate>2024-09-05 23:00</PriceUpdateDate>
      <ItemCode>7290017894485</ItemCode>
      <ItemType>1</ItemType>
      <ItemName>מרק ירקות נטורפוד 140 גרם</ItemName>
      <ManufacturerName>לא ידוע</ManufacturerName>
      <ManufactureCountry>אוסטריה</ManufactureCountry>
      <ManufacturerItemDescription>מרק ירקות נטורפוד 14</ManufacturerItemDescription>
      <UnitQty>גרמים</UnitQty>
      <Quantity>140.00</Quantity>
      <bIsWeighted>0</bIsWeighted>
      <UnitOfMeasure>100 גרם</UnitOfMeasure>
      <QtyInPackage>1</QtyInPackage>
      <ItemPrice>27.90</ItemPrice>
      <UnitOfMeasurePrice>19.93</UnitOfMeasurePrice>
      <AllowDiscount>1</AllowDiscount>
      <ItemStatus>1</ItemStatus>
    </Item>
    <Item>
      <PriceUpdateDate>2024-03-26 14:13</PriceUpdateDate>
      <ItemCode>7290017925363</ItemCode>
      <ItemType>1</ItemType>
      <ItemName>נגב פאטה מורגנה 330 מ"ל</ItemName>
      <ManufacturerName>לא ידוע</ManufacturerName>
      <ManufactureCountry>לא ידוע</ManufactureCountry>
      <ManufacturerItemDescription>נגב פאטה מורגנה 330 </ManufacturerItemDescription>
      <UnitQty>מיליליטרים</UnitQty>
      <Quantity>330.00</Quantity>
      <bIsWeighted>0</bIsWeighted>
      <UnitOfMeasure>100 מ"ל</UnitOfMeasure>
      <QtyInPackage>1</QtyInPackage>
      <ItemPrice>16.90</ItemPrice>
      <UnitOfMeasurePrice>5.12</UnitOfMeasurePrice>
      <AllowDiscount>1</AllowDiscount>
      <ItemStatus>1</ItemStatus>
    </Item>
    <Item>
      <PriceUpdateDate>2025-03-25 07:06</PriceUpdateDate>
      <ItemCode>7290017932347</ItemCode>
      <ItemType>1</ItemType>
      <ItemName>חומץ תפוחים גאלה ללא גלוטן 946 מ"ל</ItemName>
      <ManufacturerName>לא ידוע</ManufacturerName>
      <ManufactureCountry>לא ידוע</ManufactureCountry>
      <ManufacturerItemDescription>חומץ תפוחים גאלה ללא</ManufacturerItemDescription>
      <UnitQty>מיליליטרים</UnitQty>
      <Quantity>946.00</Quantity>
      <bIsWeighted>0</bIsWeighted>
      <UnitOfMeasure>100 מ"ל</UnitOfMeasure>
      <QtyInPackage>1</QtyInPackage>
      <ItemPrice>21.90</ItemPrice>
      <UnitOfMeasurePrice>2.32</UnitOfMeasurePrice>
      <AllowDiscount>1</AllowDiscount>
      <ItemStatus>1</ItemStatus>
    </Item>
    <Item>
      <PriceUpdateDate>2025-09-16 12:37</PriceUpdateDate>
      <ItemCode>7290017932354</ItemCode>
      <ItemType>1</ItemType>
      <ItemName>דודלס ארוחת מקרוני עם גבינה  206 גרם</ItemName>
      <ManufacturerName>לא ידוע</ManufacturerName>
      <ManufactureCountry>לא ידוע</ManufactureCountry>
      <ManufacturerItemDescription>דודלס ארוחת מקרוני ע</ManufacturerItemDescription>
      <UnitQty>גרמים</UnitQty>
      <Quantity>206.00</Quantity>
      <bIsWeighted>0</bIsWeighted>
      <UnitOfMeasure>100 גרם</UnitOfMeasure>
      <QtyInPackage>1</QtyInPackage>
      <ItemPrice>13.90</ItemPrice>
      <UnitOfMeasurePrice>6.75</UnitOfMeasurePrice>
      <AllowDiscount>1</AllowDiscount>
      <ItemStatus>1</ItemStatus>
    </Item>
    <Item>
      <PriceUpdateDate>2025-03-11 08:11</PriceUpdateDate>
      <ItemCode>7290017932408</ItemCode>
      <ItemType>1</ItemType>
      <ItemName>רוטב פסטה מרינרה דיניקולה 737 גר</ItemName>
      <ManufacturerName>לא ידוע</ManufacturerName>
      <ManufactureCountry />
      <ManufacturerItemDescription>רוטב פסטה מרינרה דינ</ManufacturerItemDescription>
      <UnitQty>גרמים</UnitQty>
      <Quantity>680.00</Quantity>
      <bIsWeighted>0</bIsWeighted>
      <UnitOfMeasure>100 גרם</UnitOfMeasure>
      <QtyInPackage>1</QtyInPackage>
      <ItemPrice>28.90</ItemPrice>
      <UnitOfMeasurePrice>4.25</UnitOfMeasurePrice>
      <AllowDiscount>1</AllowDiscount>
      <ItemStatus>1</ItemStatus>
    </Item>
    <Item>
      <PriceUpdateDate>2025-03-11 08:11</PriceUpdateDate>
      <ItemCode>7290017932415</ItemCode>
      <ItemType>1</ItemType>
      <ItemName>רוטב פסטה עגבניות בזיליקום 680 גרם</ItemName>
      <ManufacturerName>לא ידוע</ManufacturerName>
      <ManufactureCountry />
      <ManufacturerItemDescription>רוטב פסטה עגבניות בז</ManufacturerItemDescription>
      <UnitQty>מיליליטרים</UnitQty>
      <Quantity>680.00</Quantity>
      <bIsWeighted>0</bIsWeighted>
      <UnitOfMeasure>100 מ"ל</UnitOfMeasure>
      <QtyInPackage>1</QtyInPackage>
      <ItemPrice>28.90</ItemPrice>
      <UnitOfMeasurePrice>4.25</UnitOfMeasurePrice>
      <AllowDiscount>1</AllowDiscount>
      <ItemStatus>1</ItemStatus>
    </Item>
    <Item>
      <PriceUpdateDate>2024-09-05 23:00</PriceUpdateDate>
      <ItemCode>7290017932446</ItemCode>
      <ItemType>1</ItemType>
      <ItemName>דודלס פסטה קונכיות עם רוטב גבינה 206 גר</ItemName>
      <ManufacturerName>לא ידוע</ManufacturerName>
      <ManufactureCountry>לא ידוע</ManufactureCountry>
      <ManufacturerItemDescription>דודלס פסטה קונכיות ע</ManufacturerItemDescription>
      <UnitQty>גרמים</UnitQty>
      <Quantity>206.00</Quantity>
      <bIsWeighted>0</bIsWeighted>
      <UnitOfMeasure>100 גרם</UnitOfMeasure>
      <QtyInPackage>1</QtyInPackage>
      <ItemPrice>13.90</ItemPrice>
      <UnitOfMeasurePrice>6.75</UnitOfMeasurePrice>
      <AllowDiscount>1</AllowDiscount>
      <ItemStatus>1</ItemStatus>
    </Item>
    <Item>
      <PriceUpdateDate>2024-11-18 15:46</PriceUpdateDate>
      <ItemCode>7290018043134</ItemCode>
      <ItemType>1</ItemType>
      <ItemName>חטיף חלבון שוקולד לבן עגיות 60 גרם</ItemName>
      <ManufacturerName>לא ידוע</ManufacturerName>
      <ManufactureCountry>הולנד</ManufactureCountry>
      <ManufacturerItemDescription>חטיף חלבון שוקולד לב</ManufacturerItemDescription>
      <UnitQty>גרמים</UnitQty>
      <Quantity>60.00</Quantity>
      <bIsWeighted>0</bIsWeighted>
      <UnitOfMeasure>100 גרם</UnitOfMeasure>
      <QtyInPackage>1</QtyInPackage>
      <ItemPrice>16.50</ItemPrice>
      <UnitOfMeasurePrice>27.50</UnitOfMeasurePrice>
      <AllowDiscount>1</AllowDiscount>
      <ItemStatus>1</ItemStatus>
    </Item>
    <Item>
      <PriceUpdateDate>2024-11-18 15:50</PriceUpdateDate>
      <ItemCode>7290018043899</ItemCode>
      <ItemType>1</ItemType>
      <ItemName>חטיף חלבון בוטנים קרמל 60 גרם</ItemName>
      <ManufacturerName>לא ידוע</ManufacturerName>
      <ManufactureCountry>הולנד</ManufactureCountry>
      <ManufacturerItemDescription>חטיף חלבון בוטנים קר</ManufacturerItemDescription>
      <UnitQty>גרמים</UnitQty>
      <Quantity>60.00</Quantity>
      <bIsWeighted>0</bIsWeighted>
      <UnitOfMeasure>100 גרם</UnitOfMeasure>
      <QtyInPackage>1</QtyInPackage>
      <ItemPrice>16.50</ItemPrice>
      <UnitOfMeasurePrice>27.50</UnitOfMeasurePrice>
      <AllowDiscount>1</AllowDiscount>
      <ItemStatus>1</ItemStatus>
    </Item>
    <Item>
      <PriceUpdateDate>2025-02-27 09:52</PriceUpdateDate>
      <ItemCode>7290018076972</ItemCode>
      <ItemType>1</ItemType>
      <ItemName>קולפן Y - להב חלק דו</ItemName>
      <ManufacturerName>לא ידוע</ManufacturerName>
      <ManufactureCountry>לא ידוע</ManufactureCountry>
      <ManufacturerItemDescription>קולפן Y - להב חלק דו</ManufacturerItemDescription>
      <UnitQty>Unknown</UnitQty>
      <Quantity>0.00</Quantity>
      <bIsWeighted>0</bIsWeighted>
      <UnitOfMeasure>Unknown</UnitOfMeasure>
      <QtyInPackage>1</QtyInPackage>
      <ItemPrice>19.90</ItemPrice>
      <UnitOfMeasurePrice>19.90</UnitOfMeasurePrice>
      <AllowDiscount>1</AllowDiscount>
      <ItemStatus>1</ItemStatus>
    </Item>
    <Item>
      <PriceUpdateDate>2024-01-08 12:13</PriceUpdateDate>
      <ItemCode>7290018091111</ItemCode>
      <ItemType>1</ItemType>
      <ItemName>מאמאמיה פיצה זיתים עבה מעדנות 510 גרם</ItemName>
      <ManufacturerName>לא ידוע</ManufacturerName>
      <ManufactureCountry>ישראל</ManufactureCountry>
      <ManufacturerItemDescription>מאמאמיה פיצה זיתים ע</ManufacturerItemDescription>
      <UnitQty>גרמים</UnitQty>
      <Quantity>510.00</Quantity>
      <bIsWeighted>0</bIsWeighted>
      <UnitOfMeasure>100 גרם</UnitOfMeasure>
      <QtyInPackage>1</QtyInPackage>
      <ItemPrice>31.90</ItemPrice>
      <UnitOfMeasurePrice>6.25</UnitOfMeasurePrice>
      <AllowDiscount>1</AllowDiscount>
      <ItemStatus>1</ItemStatus>
    </Item>
    <Item>
      <PriceUpdateDate>2024-05-20 13:20</PriceUpdateDate>
      <ItemCode>7290018091531</ItemCode>
      <ItemType>1</ItemType>
      <ItemName>חטיפי פיצה גבינה מעדנות 650 גרם</ItemName>
      <ManufacturerName>לא ידוע</ManufacturerName>
      <ManufactureCountry>ישראל</ManufactureCountry>
      <ManufacturerItemDescription>חטיפי פיצה גבינה    </ManufacturerItemDescription>
      <UnitQty>גרמים</UnitQty>
      <Quantity>650.00</Quantity>
      <bIsWeighted>0</bIsWeighted>
      <UnitOfMeasure>100 גרם</UnitOfMeasure>
      <QtyInPackage>1</QtyInPackage>
      <ItemPrice>39.90</ItemPrice>
      <UnitOfMeasurePrice>6.14</UnitOfMeasurePrice>
      <AllowDiscount>1</AllowDiscount>
      <ItemStatus>1</ItemStatus>
    </Item>
    <Item>
      <PriceUpdateDate>2024-09-17 19:32</PriceUpdateDate>
      <ItemCode>7290018091548</ItemCode>
      <ItemType>1</ItemType>
      <ItemName>בצק עלים חמאה מעדנות 600 גרם</ItemName>
      <ManufacturerName>לא ידוע</ManufacturerName>
      <ManufactureCountry>ישראל</ManufactureCountry>
      <ManufacturerItemDescription>בצק עלים חמאה מעדנות</ManufacturerItemDescription>
      <UnitQty>גרמים</UnitQty>
      <Quantity>600.00</Quantity>
      <bIsWeighted>0</bIsWeighted>
      <UnitOfMeasure>100 גרם</UnitOfMeasure>
      <QtyInPackage>1</QtyInPackage>
      <ItemPrice>34.90</ItemPrice>
      <UnitOfMeasurePrice>5.82</UnitOfMeasurePrice>
      <AllowDiscount>1</AllowDiscount>
      <ItemStatus>1</ItemStatus>
    </Item>
    <Item>
      <PriceUpdateDate>2024-01-08 12:13</PriceUpdateDate>
      <ItemCode>7290018091708</ItemCode>
      <ItemType>1</ItemType>
      <ItemName>מאמאמיה פיצה נפוליטנה עבה מעדנות 470 גרם</ItemName>
      <ManufacturerName>לא ידוע</ManufacturerName>
      <ManufactureCountry>ישראל</ManufactureCountry>
      <ManufacturerItemDescription>מאמאמיה פיצה נפוליטנ</ManufacturerItemDescription>
      <UnitQty>גרמים</UnitQty>
      <Quantity>470.00</Quantity>
      <bIsWeighted>0</bIsWeighted>
      <UnitOfMeasure>100 גרם</UnitOfMeasure>
      <QtyInPackage>1</QtyInPackage>
      <ItemPrice>31.90</ItemPrice>
      <UnitOfMeasurePrice>6.79</UnitOfMeasurePrice>
      <AllowDiscount>1</AllowDiscount>
      <ItemStatus>1</ItemStatus>
    </Item>
    <Item>
      <PriceUpdateDate>2025-11-08 12:00</PriceUpdateDate>
      <ItemCode>7290018192658</ItemCode>
      <ItemType>1</ItemType>
      <ItemName>צמד פיטריות מרינה</ItemName>
      <ManufacturerName>לא ידוע</ManufacturerName>
      <ManufactureCountry>לא ידוע</ManufactureCountry>
      <ManufacturerItemDescription>צמד פיטריות מרינה   </ManufacturerItemDescription>
      <UnitQty>Unknown</UnitQty>
      <Quantity>0.00</Quantity>
      <bIsWeighted>0</bIsWeighted>
      <UnitOfMeasure>Unknown</UnitOfMeasure>
      <QtyInPackage>1</QtyInPackage>
      <ItemPrice>17.90</ItemPrice>
      <UnitOfMeasurePrice>17.90</UnitOfMeasurePrice>
      <AllowDiscount>1</AllowDiscount>
      <ItemStatus>1</ItemStatus>
    </Item>
    <Item>
      <PriceUpdateDate>2025-07-03 14:18</PriceUpdateDate>
      <ItemCode>7290018198810</ItemCode>
      <ItemType>1</ItemType>
      <ItemName>ציפס קריספי קראנצי כפרי 1.25 ק"ג תפוגן</ItemName>
      <ManufacturerName>לא ידוע</ManufacturerName>
      <ManufactureCountry>IL</ManufactureCountry>
      <ManufacturerItemDescription>ציפס קריספי קראנצי כ</ManufacturerItemDescription>
      <UnitQty>גרמים</UnitQty>
      <Quantity>1250.00</Quantity>
      <bIsWeighted>0</bIsWeighted>
      <UnitOfMeasure>100 גרם</UnitOfMeasure>
      <QtyInPackage>1</QtyInPackage>
      <ItemPrice>32.90</ItemPrice>
      <UnitOfMeasurePrice>2.63</UnitOfMeasurePrice>
      <AllowDiscount>1</AllowDiscount>
      <ItemStatus>1</ItemStatus>
    </Item>
    <Item>
      <PriceUpdateDate>2025-02-27 10:00</PriceUpdateDate>
      <ItemCode>7290018249154</ItemCode>
      <ItemType>1</ItemType>
      <ItemName>ממרח קקאו סוויטאנגו 350 גר</ItemName>
      <ManufacturerName>לא ידוע</ManufacturerName>
      <ManufactureCountry />
      <ManufacturerItemDescription>ממרח שוקולד עם אגוזי</ManufacturerItemDescription>
      <UnitQty>גרמים</UnitQty>
      <Quantity>350.00</Quantity>
      <bIsWeighted>0</bIsWeighted>
      <UnitOfMeasure>100 גרם</UnitOfMeasure>
      <QtyInPackage>1</QtyInPackage>
      <ItemPrice>44.90</ItemPrice>
      <UnitOfMeasurePrice>12.83</UnitOfMeasurePrice>
      <AllowDiscount>1</AllowDiscount>
      <ItemStatus>1</ItemStatus>
    </Item>
    <Item>
      <PriceUpdateDate>2024-10-07 23:00</PriceUpdateDate>
      <ItemCode>7290018265284</ItemCode>
      <ItemType>1</ItemType>
      <ItemName>חמאת בוטנים אורגני אול גוד 510 גרם</ItemName>
      <ManufacturerName>לא ידוע</ManufacturerName>
      <ManufactureCountry>IN</ManufactureCountry>
      <ManufacturerItemDescription>חמאת בוטנים אורגני א</ManufacturerItemDescription>
      <UnitQty>גרמים</UnitQty>
      <Quantity>510.00</Quantity>
      <bIsWeighted>0</bIsWeighted>
      <UnitOfMeasure>100 גרם</UnitOfMeasure>
      <QtyInPackage>1</QtyInPackage>
      <ItemPrice>22.90</ItemPrice>
      <UnitOfMeasurePrice>4.49</UnitOfMeasurePrice>
      <AllowDiscount>1</AllowDiscount>
      <ItemStatus>1</ItemStatus>
    </Item>
    <Item>
      <PriceUpdateDate>2025-03-25 07:06</PriceUpdateDate>
      <ItemCode>7290018293294</ItemCode>
      <ItemType>1</ItemType>
      <ItemName>ערמונים אורגניים קלופים קלויים 100 גרם (</ItemName>
      <ManufacturerName>לא ידוע</ManufacturerName>
      <ManufactureCountry>לא ידוע</ManufactureCountry>
      <ManufacturerItemDescription>ערמונים אורגניים קלו</ManufacturerItemDescription>
      <UnitQty>גרמים</UnitQty>
      <Quantity>100.00</Quantity>
      <bIsWeighted>0</bIsWeighted>
      <UnitOfMeasure>100 גרם</UnitOfMeasure>
      <QtyInPackage>1</QtyInPackage>
      <ItemPrice>7.80</ItemPrice>
      <UnitOfMeasurePrice>7.80</UnitOfMeasurePrice>
      <AllowDiscount>1</AllowDiscount>
      <ItemStatus>1</ItemStatus>
    </Item>
    <Item>
      <PriceUpdateDate>2025-07-10 13:56</PriceUpdateDate>
      <ItemCode>7290018339701</ItemCode>
      <ItemType>1</ItemType>
      <ItemName>ראמן בקר 700 גרם</ItemName>
      <ManufacturerName>אלסנאבל 2014 בעמ</ManufacturerName>
      <ManufactureCountry>IL</ManufactureCountry>
      <ManufacturerItemDescription>ראמן בקר 700 גרם    </ManufacturerItemDescription>
      <UnitQty>גרמים</UnitQty>
      <Quantity>700.00</Quantity>
      <bIsWeighted>0</bIsWeighted>
      <UnitOfMeasure>100 גרם</UnitOfMeasure>
      <QtyInPackage>1</QtyInPackage>
      <ItemPrice>58.90</ItemPrice>
      <UnitOfMeasurePrice>8.41</UnitOfMeasurePrice>
      <AllowDiscount>1</AllowDiscount>
      <ItemStatus>1</ItemStatus>
    </Item>
    <Item>
      <PriceUpdateDate>2025-07-10 13:57</PriceUpdateDate>
      <ItemCode>7290018339718</ItemCode>
      <ItemType>1</ItemType>
      <ItemName>ראמן עוף 700 גרם</ItemName>
      <ManufacturerName>אלסנאבל 2014 בעמ</ManufacturerName>
      <ManufactureCountry>IL</ManufactureCountry>
      <ManufacturerItemDescription>ראמן עוף 700 גרם    </ManufacturerItemDescription>
      <UnitQty>גרמים</UnitQty>
      <Quantity>700.00</Quantity>
      <bIsWeighted>0</bIsWeighted>
      <UnitOfMeasure>100 גרם</UnitOfMeasure>
      <QtyInPackage>1</QtyInPackage>
      <ItemPrice>58.90</ItemPrice>
      <UnitOfMeasurePrice>8.41</UnitOfMeasurePrice>
      <AllowDiscount>1</AllowDiscount>
      <ItemStatus>1</ItemStatus>
    </Item>
    <Item>
      <PriceUpdateDate>2025-03-14 17:57</PriceUpdateDate>
      <ItemCode>7290018359495</ItemCode>
      <ItemType>1</ItemType>
      <ItemName>תירס מהשדה ללא תוספת סוכר יכין 550 גר</ItemName>
      <ManufacturerName>לא ידוע</ManufacturerName>
      <ManufactureCountry>ישראל</ManufactureCountry>
      <ManufacturerItemDescription>תירס מהשדה ללא תוספת</ManufacturerItemDescription>
      <UnitQty>גרמים</UnitQty>
      <Quantity>550.00</Quantity>
      <bIsWeighted>0</bIsWeighted>
      <UnitOfMeasure>100 גרם</UnitOfMeasure>
      <QtyInPackage>1</QtyInPackage>
      <ItemPrice>13.50</ItemPrice>
      <UnitOfMeasurePrice>2.45</UnitOfMeasurePrice>
      <AllowDiscount>1</AllowDiscount>
      <ItemStatus>1</ItemStatus>
    </Item>
    <Item>
      <PriceUpdateDate>2025-03-14 17:57</PriceUpdateDate>
      <ItemCode>7290018359518</ItemCode>
      <ItemType>1</ItemType>
      <ItemName>תירס מהשדה יכין 200*3 גרם</ItemName>
      <ManufacturerName>לא ידוע</ManufacturerName>
      <ManufactureCountry />
      <ManufacturerItemDescription>שלישיית תירס יכין   </ManufacturerItemDescription>
      <UnitQty>גרמים</UnitQty>
      <Quantity>600.00</Quantity>
      <bIsWeighted>0</bIsWeighted>
      <UnitOfMeasure>100 גרם</UnitOfMeasure>
      <QtyInPackage>1</QtyInPackage>
      <ItemPrice>20.90</ItemPrice>
      <UnitOfMeasurePrice>3.48</UnitOfMeasurePrice>
      <AllowDiscount>1</AllowDiscount>
      <ItemStatus>1</ItemStatus>
    </Item>
    <Item>
      <PriceUpdateDate>2025-03-14 17:57</PriceUpdateDate>
      <ItemCode>7290018359556</ItemCode>
      <ItemType>1</ItemType>
      <ItemName>תירס מהשדה יכין 400 גר</ItemName>
      <ManufacturerName>לא ידוע</ManufacturerName>
      <ManufactureCountry>ישראל</ManufactureCountry>
      <ManufacturerItemDescription>תירס מהשדה יכין 400 </ManufacturerItemDescription>
      <UnitQty>גרמים</UnitQty>
      <Quantity>400.00</Quantity>
      <bIsWeighted>0</bIsWeighted>
      <UnitOfMeasure>100 גרם</UnitOfMeasure>
      <QtyInPackage>1</QtyInPackage>
      <ItemPrice>9.80</ItemPrice>
      <UnitOfMeasurePrice>2.45</UnitOfMeasurePrice>
      <AllowDiscount>1</AllowDiscount>
      <ItemStatus>1</ItemStatus>
    </Item>
    <Item>
      <PriceUpdateDate>2025-03-14 17:57</PriceUpdateDate>
      <ItemCode>7290018359686</ItemCode>
      <ItemType>1</ItemType>
      <ItemName>חומוס ענק יכין 550 ג A2</ItemName>
      <ManufacturerName>לא ידוע</ManufacturerName>
      <ManufactureCountry>ישראל</ManufactureCountry>
      <ManufacturerItemDescription>חומוס ענק יכין 550 ג</ManufacturerItemDescription>
      <UnitQty>גרמים</UnitQty>
      <Quantity>550.00</Quantity>
      <bIsWeighted>0</bIsWeighted>
      <UnitOfMeasure>100 גרם</UnitOfMeasure>
      <QtyInPackage>1</QtyInPackage>
      <ItemPrice>13.50</ItemPrice>
      <UnitOfMeasurePrice>2.45</UnitOfMeasurePrice>
      <AllowDiscount>1</AllowDiscount>
      <ItemStatus>1</ItemStatus>
    </Item>
    <Item>
      <PriceUpdateDate>2024-11-18 16:05</PriceUpdateDate>
      <ItemCode>7290018440438</ItemCode>
      <ItemType>1</ItemType>
      <ItemName>טונה קאלוו איזי פליפ בשמן 65 גר*3</ItemName>
      <ManufacturerName>קאלוו</ManufacturerName>
      <ManufactureCountry>ספרד</ManufactureCountry>
      <ManufacturerItemDescription>טונה קאלוו איזי פליפ</ManufacturerItemDescription>
      <UnitQty>גרמים</UnitQty>
      <Quantity>195.00</Quantity>
      <bIsWeighted>0</bIsWeighted>
      <UnitOfMeasure>100 גרם</UnitOfMeasure>
      <QtyInPackage>1</QtyInPackage>
      <ItemPrice>33.90</ItemPrice>
      <UnitOfMeasurePrice>17.38</UnitOfMeasurePrice>
      <AllowDiscount>1</AllowDiscount>
      <ItemStatus>1</ItemStatus>
    </Item>
    <Item>
      <PriceUpdateDate>2025-04-02 23:00</PriceUpdateDate>
      <ItemCode>7290018441220</ItemCode>
      <ItemType>1</ItemType>
      <ItemName>מאגדת טילון בצק עוגיות בן&amp;גריס 400 גרם</ItemName>
      <ManufacturerName>לא ידוע</ManufacturerName>
      <ManufactureCountry>ישראל</ManufactureCountry>
      <ManufacturerItemDescription>מאגדת טילון בצק עוגי</ManufacturerItemDescription>
      <UnitQty>גרמים</UnitQty>
      <Quantity>400.00</Quantity>
      <bIsWeighted>0</bIsWeighted>
      <UnitOfMeasure>100 גרם</UnitOfMeasure>
      <QtyInPackage>1</QtyInPackage>
      <ItemPrice>37.90</ItemPrice>
      <UnitOfMeasurePrice>9.48</UnitOfMeasurePrice>
      <AllowDiscount>1</AllowDiscount>
      <ItemStatus>1</ItemStatus>
    </Item>
    <Item>
      <PriceUpdateDate>2025-07-16 11:08</PriceUpdateDate>
      <ItemCode>7290018441275</ItemCode>
      <ItemType>1</ItemType>
      <ItemName>פיינט נטפליקס &amp; ציל 2 424 גרם</ItemName>
      <ManufacturerName>לא ידוע</ManufacturerName>
      <ManufactureCountry />
      <ManufacturerItemDescription>פיינט נטפליקס 2 &amp; צי</ManufacturerItemDescription>
      <UnitQty>גרמים</UnitQty>
      <Quantity>424.00</Quantity>
      <bIsWeighted>0</bIsWeighted>
      <UnitOfMeasure>100 גרם</UnitOfMeasure>
      <QtyInPackage>1</QtyInPackage>
      <ItemPrice>29.90</ItemPrice>
      <UnitOfMeasurePrice>7.05</UnitOfMeasurePrice>
      <AllowDiscount>1</AllowDiscount>
      <ItemStatus>1</ItemStatus>
    </Item>
    <Item>
      <PriceUpdateDate>2024-12-01 09:10</PriceUpdateDate>
      <ItemCode>7290018441473</ItemCode>
      <ItemType>1</ItemType>
      <ItemName>פיינט סורבה פרי תשוקה 400 גרם</ItemName>
      <ManufacturerName>לא ידוע</ManufacturerName>
      <ManufactureCountry>ישראל</ManufactureCountry>
      <ManufacturerItemDescription>פיינט סורבה פרי תשוק</ManufacturerItemDescription>
      <UnitQty>מיליליטרים</UnitQty>
      <Quantity>400.00</Quantity>
      <bIsWeighted>0</bIsWeighted>
      <UnitOfMeasure>100 מ"ל</UnitOfMeasure>
      <QtyInPackage>1</QtyInPackage>
      <ItemPrice>29.90</ItemPrice>
      <UnitOfMeasurePrice>7.48</UnitOfMeasurePrice>
      <AllowDiscount>1</AllowDiscount>
      <ItemStatus>1</ItemStatus>
    </Item>
    <Item>
      <PriceUpdateDate>2024-07-31 16:22</PriceUpdateDate>
      <ItemCode>7290018441503</ItemCode>
      <ItemType>1</ItemType>
      <ItemName>פיסס בצק עוגיות 150 גרם</ItemName>
      <ManufacturerName>לא ידוע</ManufacturerName>
      <ManufactureCountry>איטליה</ManufactureCountry>
      <ManufacturerItemDescription>פיסס בצק עוגיות 150 </ManufacturerItemDescription>
      <UnitQty>מיליליטרים</UnitQty>
      <Quantity>150.00</Quantity>
      <bIsWeighted>0</bIsWeighted>
      <UnitOfMeasure>100 מ"ל</UnitOfMeasure>
      <QtyInPackage>1</QtyInPackage>
      <ItemPrice>32.90</ItemPrice>
      <UnitOfMeasurePrice>21.93</UnitOfMeasurePrice>
      <AllowDiscount>1</AllowDiscount>
      <ItemStatus>1</ItemStatus>
    </Item>
    <Item>
      <PriceUpdateDate>2024-07-31 16:22</PriceUpdateDate>
      <ItemCode>7290018441510</ItemCode>
      <ItemType>1</ItemType>
      <ItemName>פיסס סולטד קרמל 150 גרם</ItemName>
      <ManufacturerName>לא ידוע</ManufacturerName>
      <ManufactureCountry>איטליה</ManufactureCountry>
      <ManufacturerItemDescription>פיסס סולטד קרמל 150 </ManufacturerItemDescription>
      <UnitQty>מיליליטרים</UnitQty>
      <Quantity>150.00</Quantity>
      <bIsWeighted>0</bIsWeighted>
      <UnitOfMeasure>100 מ"ל</UnitOfMeasure>
      <QtyInPackage>1</QtyInPackage>
      <ItemPrice>32.90</ItemPrice>
      <UnitOfMeasurePrice>21.93</UnitOfMeasurePrice>
      <AllowDiscount>1</AllowDiscount>
      <ItemStatus>1</ItemStatus>
    </Item>
    <Item>
      <PriceUpdateDate>2025-03-20 09:58</PriceUpdateDate>
      <ItemCode>7290018441534</ItemCode>
      <ItemType>1</ItemType>
      <ItemName>מאגדת קסטה וויצ  216 גרם</ItemName>
      <ManufacturerName>לא ידוע</ManufacturerName>
      <ManufactureCountry>יוון</ManufactureCountry>
      <ManufacturerItemDescription>מאגדת קסטה וויצ  216</ManufacturerItemDescription>
      <UnitQty>גרמים</UnitQty>
      <Quantity>216.00</Quantity>
      <bIsWeighted>0</bIsWeighted>
      <UnitOfMeasure>100 גרם</UnitOfMeasure>
      <QtyInPackage>1</QtyInPackage>
      <ItemPrice>42.90</ItemPrice>
      <UnitOfMeasurePrice>19.86</UnitOfMeasurePrice>
      <AllowDiscount>1</AllowDiscount>
      <ItemStatus>1</ItemStatus>
    </Item>
    <Item>
      <PriceUpdateDate>2025-04-02 23:00</PriceUpdateDate>
      <ItemCode>7290018441565</ItemCode>
      <ItemType>1</ItemType>
      <ItemName>פיינט וניל פקאן בלונדי 500 מ"ל</ItemName>
      <ManufacturerName>לא ידוע</ManufacturerName>
      <ManufactureCountry>ישראל</ManufactureCountry>
      <ManufacturerItemDescription>פיינט וניל פקאן בלונ</ManufacturerItemDescription>
      <UnitQty>מיליליטרים</UnitQty>
      <Quantity>500.00</Quantity>
      <bIsWeighted>0</bIsWeighted>
      <UnitOfMeasure>100 מ"ל</UnitOfMeasure>
      <QtyInPackage>1</QtyInPackage>
      <ItemPrice>29.90</ItemPrice>
      <UnitOfMeasurePrice>5.98</UnitOfMeasurePrice>
      <AllowDiscount>1</AllowDiscount>
      <ItemStatus>1</ItemStatus>
    </Item>
    <Item>
      <PriceUpdateDate>2024-12-11 07:12</PriceUpdateDate>
      <ItemCode>7290018471906</ItemCode>
      <ItemType>1</ItemType>
      <ItemName>שוופס מוגז לימונדה ורודה 1.5 ליטר</ItemName>
      <ManufacturerName>לא ידוע</ManufacturerName>
      <ManufactureCountry>ישראל</ManufactureCountry>
      <ManufacturerItemDescription>שוופס מוגז לימונדה ו</ManufacturerItemDescription>
      <UnitQty>ליטרים</UnitQty>
      <Quantity>0.00</Quantity>
      <bIsWeighted>0</bIsWeighted>
      <UnitOfMeasure>ליטר</UnitOfMeasure>
      <QtyInPackage>1</QtyInPackage>
      <ItemPrice>8.90</ItemPrice>
      <UnitOfMeasurePrice>8.90</UnitOfMeasurePrice>
      <AllowDiscount>1</AllowDiscount>
      <ItemStatus>1</ItemStatus>
    </Item>
    <Item>
      <PriceUpdateDate>2024-12-11 07:15</PriceUpdateDate>
      <ItemCode>7290018471913</ItemCode>
      <ItemType>1</ItemType>
      <ItemName>שוופס מוגז תפוחים 1.5 ל</ItemName>
      <ManufacturerName>לא ידוע</ManufacturerName>
      <ManufactureCountry>ישראל</ManufactureCountry>
      <ManufacturerItemDescription>שוופס מוגז תפוחים 1.</ManufacturerItemDescription>
      <UnitQty>ליטרים</UnitQty>
      <Quantity>0.00</Quantity>
      <bIsWeighted>0</bIsWeighted>
      <UnitOfMeasure>ליטר</UnitOfMeasure>
      <QtyInPackage>1</QtyInPackage>
      <ItemPrice>8.90</ItemPrice>
      <UnitOfMeasurePrice>8.90</UnitOfMeasurePrice>
      <AllowDiscount>1</AllowDiscount>
      <ItemStatus>1</ItemStatus>
    </Item>
    <Item>
      <PriceUpdateDate>2024-12-11 07:13</PriceUpdateDate>
      <ItemCode>7290018471920</ItemCode>
      <ItemType>1</ItemType>
      <ItemName>שוופס מוגז ענבים 1.5 ל</ItemName>
      <ManufacturerName>לא ידוע</ManufacturerName>
      <ManufactureCountry>ישראל</ManufactureCountry>
      <ManufacturerItemDescription>שוופס מוגז ענבים 1.5</ManufacturerItemDescription>
      <UnitQty>ליטרים</UnitQty>
      <Quantity>0.00</Quantity>
      <bIsWeighted>0</bIsWeighted>
      <UnitOfMeasure>ליטר</UnitOfMeasure>
      <QtyInPackage>1</QtyInPackage>
      <ItemPrice>8.90</ItemPrice>
      <UnitOfMeasurePrice>8.90</UnitOfMeasurePrice>
      <AllowDiscount>1</AllowDiscount>
      <ItemStatus>1</ItemStatus>
    </Item>
    <Item>
      <PriceUpdateDate>2024-01-18 18:35</PriceUpdateDate>
      <ItemCode>7290018542156</ItemCode>
      <ItemType>1</ItemType>
      <ItemName>צלחת 10  אבן שיש לבנ</ItemName>
      <ManufacturerName>לא ידוע</ManufacturerName>
      <ManufactureCountry>סין</ManufactureCountry>
      <ManufacturerItemDescription>צלחת 10  אבן שיש לבנ</ManufacturerItemDescription>
      <UnitQty>Unknown</UnitQty>
      <Quantity>0.00</Quantity>
      <bIsWeighted>0</bIsWeighted>
      <UnitOfMeasure>Unknown</UnitOfMeasure>
      <QtyInPackage>1</QtyInPackage>
      <ItemPrice>26.90</ItemPrice>
      <UnitOfMeasurePrice>26.90</UnitOfMeasurePrice>
      <AllowDiscount>1</AllowDiscount>
      <ItemStatus>1</ItemStatus>
    </Item>
    <Item>
      <PriceUpdateDate>2025-03-11 08:22</PriceUpdateDate>
      <ItemCode>7290018593233</ItemCode>
      <ItemType>1</ItemType>
      <ItemName>גבינאטס טבעי ממרח שקדים פלנטי 240 גרם</ItemName>
      <ManufacturerName>לא ידוע</ManufacturerName>
      <ManufactureCountry>לא ידוע</ManufactureCountry>
      <ManufacturerItemDescription>גבינאטס טבעי ממרח שק</ManufacturerItemDescription>
      <UnitQty>גרמים</UnitQty>
      <Quantity>240.00</Quantity>
      <bIsWeighted>0</bIsWeighted>
      <UnitOfMeasure>100 גרם</UnitOfMeasure>
      <QtyInPackage>1</QtyInPackage>
      <ItemPrice>24.90</ItemPrice>
      <UnitOfMeasurePrice>10.38</UnitOfMeasurePrice>
      <AllowDiscount>1</AllowDiscount>
      <ItemStatus>1</ItemStatus>
    </Item>
    <Item>
      <PriceUpdateDate>2025-03-11 08:23</PriceUpdateDate>
      <ItemCode>7290018593240</ItemCode>
      <ItemType>1</ItemType>
      <ItemName>גבינאטס זיתים ממרח שקדים פלנטי 240 גרם</ItemName>
      <ManufacturerName>לא ידוע</ManufacturerName>
      <ManufactureCountry>לא ידוע</ManufactureCountry>
      <ManufacturerItemDescription>גבינאטס זיתים ממרח ש</ManufacturerItemDescription>
      <UnitQty>גרמים</UnitQty>
      <Quantity>240.00</Quantity>
      <bIsWeighted>0</bIsWeighted>
      <UnitOfMeasure>100 גרם</UnitOfMeasure>
      <QtyInPackage>1</QtyInPackage>
      <ItemPrice>24.90</ItemPrice>
      <UnitOfMeasurePrice>10.38</UnitOfMeasurePrice>
      <AllowDiscount>1</AllowDiscount>
      <ItemStatus>1</ItemStatus>
    </Item>
    <Item>
      <PriceUpdateDate>2024-11-18 15:46</PriceUpdateDate>
      <ItemCode>7290018703076</ItemCode>
      <ItemType>1</ItemType>
      <ItemName>חטיף חלבון דאבל שוקולד 60 גרם</ItemName>
      <ManufacturerName>לא ידוע</ManufacturerName>
      <ManufactureCountry>הולנד</ManufactureCountry>
      <ManufacturerItemDescription>חטיף חלבון דאבל שוקו</ManufacturerItemDescription>
      <UnitQty>גרמים</UnitQty>
      <Quantity>60.00</Quantity>
      <bIsWeighted>0</bIsWeighted>
      <UnitOfMeasure>100 גרם</UnitOfMeasure>
      <QtyInPackage>1</QtyInPackage>
      <ItemPrice>16.50</ItemPrice>
      <UnitOfMeasurePrice>27.50</UnitOfMeasurePrice>
      <AllowDiscount>1</AllowDiscount>
      <ItemStatus>1</ItemStatus>
    </Item>
    <Item>
      <PriceUpdateDate>2024-11-25 13:37</PriceUpdateDate>
      <ItemCode>7290018703236</ItemCode>
      <ItemType>1</ItemType>
      <ItemName>חטיף חלבון טבעוני קרמל קראנץ 60 גרם</ItemName>
      <ManufacturerName>לא ידוע</ManufacturerName>
      <ManufactureCountry>הולנד</ManufactureCountry>
      <ManufacturerItemDescription>חטיף חלבון טבעוני קר</ManufacturerItemDescription>
      <UnitQty>גרמים</UnitQty>
      <Quantity>60.00</Quantity>
      <bIsWeighted>0</bIsWeighted>
      <UnitOfMeasure>100 גרם</UnitOfMeasure>
      <QtyInPackage>1</QtyInPackage>
      <ItemPrice>16.50</ItemPrice>
      <UnitOfMeasurePrice>27.50</UnitOfMeasurePrice>
      <AllowDiscount>1</AllowDiscount>
      <ItemStatus>1</ItemStatus>
    </Item>
    <Item>
      <PriceUpdateDate>2024-11-18 15:52</PriceUpdateDate>
      <ItemCode>7290018703304</ItemCode>
      <ItemType>1</ItemType>
      <ItemName>חטיף חלבון קרם עגיות 60 גרם</ItemName>
      <ManufacturerName>לא ידוע</ManufacturerName>
      <ManufactureCountry>הולנד</ManufactureCountry>
      <ManufacturerItemDescription>חטיף חלבון קרם עגיות</ManufacturerItemDescription>
      <UnitQty>גרמים</UnitQty>
      <Quantity>60.00</Quantity>
      <bIsWeighted>0</bIsWeighted>
      <UnitOfMeasure>100 גרם</UnitOfMeasure>
      <QtyInPackage>1</QtyInPackage>
      <ItemPrice>16.50</ItemPrice>
      <UnitOfMeasurePrice>27.50</UnitOfMeasurePrice>
      <AllowDiscount>1</AllowDiscount>
      <ItemStatus>1</ItemStatus>
    </Item>
    <Item>
      <PriceUpdateDate>2025-02-27 10:00</PriceUpdateDate>
      <ItemCode>7290018708118</ItemCode>
      <ItemType>1</ItemType>
      <ItemName>בארכה חלבה וניל פיסטוק ללא סוכר 350 ג</ItemName>
      <ManufacturerName>לא ידוע</ManufacturerName>
      <ManufactureCountry />
      <ManufacturerItemDescription>בארכה חלבה וניל פיסט</ManufacturerItemDescription>
      <UnitQty>גרמים</UnitQty>
      <Quantity>350.00</Quantity>
      <bIsWeighted>0</bIsWeighted>
      <UnitOfMeasure>100 גרם</UnitOfMeasure>
      <QtyInPackage>1</QtyInPackage>
      <ItemPrice>21.90</ItemPrice>
      <UnitOfMeasurePrice>6.26</UnitOfMeasurePrice>
      <AllowDiscount>1</AllowDiscount>
      <ItemStatus>1</ItemStatus>
    </Item>
    <Item>
      <PriceUpdateDate>2024-07-22 14:23</PriceUpdateDate>
      <ItemCode>7290018810378</ItemCode>
      <ItemType>1</ItemType>
      <ItemName>יין VISION יין ויזן רוזה 750 מל</ItemName>
      <ManufacturerName>לא ידוע</ManufacturerName>
      <ManufactureCountry>ישראל</ManufactureCountry>
      <ManufacturerItemDescription>יין VISION יין ויזן </ManufacturerItemDescription>
      <UnitQty>Unknown</UnitQty>
      <Quantity>0.00</Quantity>
      <bIsWeighted>0</bIsWeighted>
      <UnitOfMeasure>Unknown</UnitOfMeasure>
      <QtyInPackage>1</QtyInPackage>
      <ItemPrice>42.90</ItemPrice>
      <UnitOfMeasurePrice>42.90</UnitOfMeasurePrice>
      <AllowDiscount>1</AllowDiscount>
      <ItemStatus>1</ItemStatus>
    </Item>
    <Item>
      <PriceUpdateDate>2025-12-28 12:37</PriceUpdateDate>
      <ItemCode>7290018825006</ItemCode>
      <ItemType>1</ItemType>
      <ItemName>גזר</ItemName>
      <ManufacturerName>לא ידוע</ManufacturerName>
      <ManufactureCountry>לא ידוע</ManufactureCountry>
      <ManufacturerItemDescription>גזר                 </ManufacturerItemDescription>
      <UnitQty>קילוגרמים</UnitQty>
      <Quantity>0.00</Quantity>
      <bIsWeighted>1</bIsWeighted>
      <UnitOfMeasure>ק"ג</UnitOfMeasure>
      <QtyInPackage>0</QtyInPackage>
      <ItemPrice>8.90</ItemPrice>
      <UnitOfMeasurePrice>8.90</UnitOfMeasurePrice>
      <AllowDiscount>1</AllowDiscount>
      <ItemStatus>1</ItemStatus>
    </Item>
    <Item>
      <PriceUpdateDate>2025-12-28 12:37</PriceUpdateDate>
      <ItemCode>7290018825013</ItemCode>
      <ItemType>1</ItemType>
      <ItemName>תפו"א אדום</ItemName>
      <ManufacturerName>לא ידוע</ManufacturerName>
      <ManufactureCountry>לא ידוע</ManufactureCountry>
      <ManufacturerItemDescription>תפוח אדמה אדום      </ManufacturerItemDescription>
      <UnitQty>קילוגרמים</UnitQty>
      <Quantity>0.00</Quantity>
      <bIsWeighted>1</bIsWeighted>
      <UnitOfMeasure>ק"ג</UnitOfMeasure>
      <QtyInPackage>0</QtyInPackage>
      <ItemPrice>7.90</ItemPrice>
      <UnitOfMeasurePrice>7.90</UnitOfMeasurePrice>
      <AllowDiscount>1</AllowDiscount>
      <ItemStatus>1</ItemStatus>
    </Item>
    <Item>
      <PriceUpdateDate>2025-12-28 12:37</PriceUpdateDate>
      <ItemCode>7290018825211</ItemCode>
      <ItemType>1</ItemType>
      <ItemName>תפו"א לבן</ItemName>
      <ManufacturerName>לא ידוע</ManufacturerName>
      <ManufactureCountry>לא ידוע</ManufactureCountry>
      <ManufacturerItemDescription>תפוא לבן            </ManufacturerItemDescription>
      <UnitQty>קילוגרמים</UnitQty>
      <Quantity>0.00</Quantity>
      <bIsWeighted>1</bIsWeighted>
      <UnitOfMeasure>ק"ג</UnitOfMeasure>
      <QtyInPackage>0</QtyInPackage>
      <ItemPrice>7.90</ItemPrice>
      <UnitOfMeasurePrice>7.90</UnitOfMeasurePrice>
      <AllowDiscount>1</AllowDiscount>
      <ItemStatus>1</ItemStatus>
    </Item>
    <Item>
      <PriceUpdateDate>2023-07-10 20:19</PriceUpdateDate>
      <ItemCode>7290018835043</ItemCode>
      <ItemType>1</ItemType>
      <ItemName>תערובת תיבול סטייק מונטריאול 140 גרם</ItemName>
      <ManufacturerName>לא ידוע</ManufacturerName>
      <ManufactureCountry>IL</ManufactureCountry>
      <ManufacturerItemDescription>תערובת תיבול סטייק מ</ManufacturerItemDescription>
      <UnitQty>גרמים</UnitQty>
      <Quantity>140.00</Quantity>
      <bIsWeighted>0</bIsWeighted>
      <UnitOfMeasure>100 גרם</UnitOfMeasure>
      <QtyInPackage>0</QtyInPackage>
      <ItemPrice>16.90</ItemPrice>
      <UnitOfMeasurePrice>12.07</UnitOfMeasurePrice>
      <AllowDiscount>1</AllowDiscount>
      <ItemStatus>1</ItemStatus>
    </Item>
    <Item>
      <PriceUpdateDate>2025-03-25 06:57</PriceUpdateDate>
      <ItemCode>7290018860991</ItemCode>
      <ItemType>1</ItemType>
      <ItemName>אטריות ביצים רחבות 400 גרם</ItemName>
      <ManufacturerName>לא ידוע</ManufacturerName>
      <ManufactureCountry>סין</ManufactureCountry>
      <ManufacturerItemDescription>אטריות ביצים רחבות 4</ManufacturerItemDescription>
      <UnitQty>גרמים</UnitQty>
      <Quantity>400.00</Quantity>
      <bIsWeighted>0</bIsWeighted>
      <UnitOfMeasure>100 גרם</UnitOfMeasure>
      <QtyInPackage>1</QtyInPackage>
      <ItemPrice>13.50</ItemPrice>
      <UnitOfMeasurePrice>3.38</UnitOfMeasurePrice>
      <AllowDiscount>1</AllowDiscount>
      <ItemStatus>1</ItemStatus>
    </Item>
    <Item>
      <PriceUpdateDate>2025-09-16 12:37</PriceUpdateDate>
      <ItemCode>7290018893609</ItemCode>
      <ItemType>1</ItemType>
      <ItemName>צוקטה שוקולד מריר  85% 100 גר</ItemName>
      <ManufacturerName>לא ידוע</ManufacturerName>
      <ManufactureCountry>לא ידוע</ManufactureCountry>
      <ManufacturerItemDescription>צוקטה שוקולד מריר  8</ManufacturerItemDescription>
      <UnitQty>גרמים</UnitQty>
      <Quantity>100.00</Quantity>
      <bIsWeighted>0</bIsWeighted>
      <UnitOfMeasure>100 גרם</UnitOfMeasure>
      <QtyInPackage>1</QtyInPackage>
      <ItemPrice>13.90</ItemPrice>
      <UnitOfMeasurePrice>13.90</UnitOfMeasurePrice>
      <AllowDiscount>1</AllowDiscount>
      <ItemStatus>1</ItemStatus>
    </Item>
    <Item>
      <PriceUpdateDate>2025-08-13 14:51</PriceUpdateDate>
      <ItemCode>7290018925065</ItemCode>
      <ItemType>1</ItemType>
      <ItemName>מיץ תפוזים סחוט 2 ל פרימור</ItemName>
      <ManufacturerName>לא ידוע</ManufacturerName>
      <ManufactureCountry>IL</ManufactureCountry>
      <ManufacturerItemDescription>מיץ תפוזים סחוט 2 ל </ManufacturerItemDescription>
      <UnitQty>מיליליטרים</UnitQty>
      <Quantity>2000.00</Quantity>
      <bIsWeighted>0</bIsWeighted>
      <UnitOfMeasure>100 מ"ל</UnitOfMeasure>
      <QtyInPackage>1</QtyInPackage>
      <ItemPrice>38.90</ItemPrice>
      <UnitOfMeasurePrice>1.95</UnitOfMeasurePrice>
      <AllowDiscount>1</AllowDiscount>
      <ItemStatus>1</ItemStatus>
    </Item>
    <Item>
      <PriceUpdateDate>2025-03-16 07:19</PriceUpdateDate>
      <ItemCode>7290018972861</ItemCode>
      <ItemType>1</ItemType>
      <ItemName>אנשובי בצנצנת עם שמן זית 100 גרם</ItemName>
      <ManufacturerName>לא ידוע</ManufacturerName>
      <ManufactureCountry>לא ידוע</ManufactureCountry>
      <ManufacturerItemDescription>אנשובי בצנצנת עם שמן</ManufacturerItemDescription>
      <UnitQty>גרמים</UnitQty>
      <Quantity>100.00</Quantity>
      <bIsWeighted>0</bIsWeighted>
      <UnitOfMeasure>100 גרם</UnitOfMeasure>
      <QtyInPackage>1</QtyInPackage>
      <ItemPrice>21.90</ItemPrice>
      <UnitOfMeasurePrice>21.90</UnitOfMeasurePrice>
      <AllowDiscount>1</AllowDiscount>
      <ItemStatus>1</ItemStatus>
    </Item>
    <Item>
      <PriceUpdateDate>2025-03-11 08:16</PriceUpdateDate>
      <ItemCode>7290018989272</ItemCode>
      <ItemType>1</ItemType>
      <ItemName>שימורי שעועית צילי יכין 100 גר*2</ItemName>
      <ManufacturerName>לא ידוע</ManufacturerName>
      <ManufactureCountry>ישראל</ManufactureCountry>
      <ManufacturerItemDescription>שימורי שעועית צילי י</ManufacturerItemDescription>
      <UnitQty>גרמים</UnitQty>
      <Quantity>200.00</Quantity>
      <bIsWeighted>0</bIsWeighted>
      <UnitOfMeasure>100 גרם</UnitOfMeasure>
      <QtyInPackage>1</QtyInPackage>
      <ItemPrice>13.50</ItemPrice>
      <UnitOfMeasurePrice>6.75</UnitOfMeasurePrice>
      <AllowDiscount>1</AllowDiscount>
      <ItemStatus>1</ItemStatus>
    </Item>
    <Item>
      <PriceUpdateDate>2025-03-11 08:17</PriceUpdateDate>
      <ItemCode>7290018989289</ItemCode>
      <ItemType>1</ItemType>
      <ItemName>שימורי חומוס יכין 100 גר*2</ItemName>
      <ManufacturerName>לא ידוע</ManufacturerName>
      <ManufactureCountry>ישראל</ManufactureCountry>
      <ManufacturerItemDescription>שימורי חומוס יכין 10</ManufacturerItemDescription>
      <UnitQty>גרמים</UnitQty>
      <Quantity>200.00</Quantity>
      <bIsWeighted>0</bIsWeighted>
      <UnitOfMeasure>100 גרם</UnitOfMeasure>
      <QtyInPackage>1</QtyInPackage>
      <ItemPrice>13.50</ItemPrice>
      <UnitOfMeasurePrice>6.75</UnitOfMeasurePrice>
      <AllowDiscount>1</AllowDiscount>
      <ItemStatus>1</ItemStatus>
    </Item>
    <Item>
      <PriceUpdateDate>2024-12-11 07:15</PriceUpdateDate>
      <ItemCode>7290019056027</ItemCode>
      <ItemType>1</ItemType>
      <ItemName>שוופס מוגז פירות ללא סוכר תפוח 1.5 ל</ItemName>
      <ManufacturerName>לא ידוע</ManufacturerName>
      <ManufactureCountry>ישראל</ManufactureCountry>
      <ManufacturerItemDescription>שוופס מוגז פירות    </ManufacturerItemDescription>
      <UnitQty>ליטרים</UnitQty>
      <Quantity>0.00</Quantity>
      <bIsWeighted>0</bIsWeighted>
      <UnitOfMeasure>ליטר</UnitOfMeasure>
      <QtyInPackage>1</QtyInPackage>
      <ItemPrice>8.90</ItemPrice>
      <UnitOfMeasurePrice>8.90</UnitOfMeasurePrice>
      <AllowDiscount>1</AllowDiscount>
      <ItemStatus>1</ItemStatus>
    </Item>
    <Item>
      <PriceUpdateDate>2024-12-01 09:13</PriceUpdateDate>
      <ItemCode>7290019056058</ItemCode>
      <ItemType>1</ItemType>
      <ItemName>שוופס מוגז עדין תפוח ליים 1.5 ליטר</ItemName>
      <ManufacturerName>לא ידוע</ManufacturerName>
      <ManufactureCountry>IL</ManufactureCountry>
      <ManufacturerItemDescription>שוופס מוגז עדין תפוח</ManufacturerItemDescription>
      <UnitQty>ליטרים</UnitQty>
      <Quantity>0.00</Quantity>
      <bIsWeighted>0</bIsWeighted>
      <UnitOfMeasure>ליטר</UnitOfMeasure>
      <QtyInPackage>1</QtyInPackage>
      <ItemPrice>9.50</ItemPrice>
      <UnitOfMeasurePrice>9.50</UnitOfMeasurePrice>
      <AllowDiscount>1</AllowDiscount>
      <ItemStatus>1</ItemStatus>
    </Item>
    <Item>
      <PriceUpdateDate>2024-12-11 07:14</PriceUpdateDate>
      <ItemCode>7290019056065</ItemCode>
      <ItemType>1</ItemType>
      <ItemName>שוופס מוגז עדין פירות יער  1.5 ליטר</ItemName>
      <ManufacturerName>לא ידוע</ManufacturerName>
      <ManufactureCountry>ישראל</ManufactureCountry>
      <ManufacturerItemDescription>שוופס מוגז עדין פירו</ManufacturerItemDescription>
      <UnitQty>ליטרים</UnitQty>
      <Quantity>0.00</Quantity>
      <bIsWeighted>0</bIsWeighted>
      <UnitOfMeasure>ליטר</UnitOfMeasure>
      <QtyInPackage>1</QtyInPackage>
      <ItemPrice>9.50</ItemPrice>
      <UnitOfMeasurePrice>9.50</UnitOfMeasurePrice>
      <AllowDiscount>1</AllowDiscount>
      <ItemStatus>1</ItemStatus>
    </Item>
    <Item>
      <PriceUpdateDate>2024-12-01 09:13</PriceUpdateDate>
      <ItemCode>7290019056096</ItemCode>
      <ItemType>1</ItemType>
      <ItemName>שוופס מוגז עדין אפרסק  1.5 ליטר</ItemName>
      <ManufacturerName>לא ידוע</ManufacturerName>
      <ManufactureCountry>ישראל</ManufactureCountry>
      <ManufacturerItemDescription>שוופס מוגז עדין אפרס</ManufacturerItemDescription>
      <UnitQty>ליטרים</UnitQty>
      <Quantity>0.00</Quantity>
      <bIsWeighted>0</bIsWeighted>
      <UnitOfMeasure>ליטר</UnitOfMeasure>
      <QtyInPackage>1</QtyInPackage>
      <ItemPrice>9.50</ItemPrice>
      <UnitOfMeasurePrice>9.50</UnitOfMeasurePrice>
      <AllowDiscount>1</AllowDiscount>
      <ItemStatus>1</ItemStatus>
    </Item>
    <Item>
      <PriceUpdateDate>2024-12-01 09:11</PriceUpdateDate>
      <ItemCode>7290019056164</ItemCode>
      <ItemType>1</ItemType>
      <ItemName>רביעיית שוופס סודה 1.5 לי</ItemName>
      <ManufacturerName>לא ידוע</ManufacturerName>
      <ManufactureCountry>ישראל</ManufactureCountry>
      <ManufacturerItemDescription>רביעיית שוופס סודה 1</ManufacturerItemDescription>
      <UnitQty>ליטרים</UnitQty>
      <Quantity>0.00</Quantity>
      <bIsWeighted>0</bIsWeighted>
      <UnitOfMeasure>ליטר</UnitOfMeasure>
      <QtyInPackage>1</QtyInPackage>
      <ItemPrice>14.90</ItemPrice>
      <UnitOfMeasurePrice>14.90</UnitOfMeasurePrice>
      <AllowDiscount>1</AllowDiscount>
      <ItemStatus>1</ItemStatus>
    </Item>
    <Item>
      <PriceUpdateDate>2023-06-04 19:29</PriceUpdateDate>
      <ItemCode>7290019056300</ItemCode>
      <ItemType>1</ItemType>
      <ItemName>שוופס ביטר 1.5 ליטר</ItemName>
      <ManufacturerName>לא ידוע</ManufacturerName>
      <ManufactureCountry>ישראל</ManufactureCountry>
      <ManufacturerItemDescription>שוופס ביטר 1.5 ליטר </ManufacturerItemDescription>
      <UnitQty>ליטרים</UnitQty>
      <Quantity>0.00</Quantity>
      <bIsWeighted>0</bIsWeighted>
      <UnitOfMeasure>ליטר</UnitOfMeasure>
      <QtyInPackage>1</QtyInPackage>
      <ItemPrice>11.90</ItemPrice>
      <UnitOfMeasurePrice>11.90</UnitOfMeasurePrice>
      <AllowDiscount>1</AllowDiscount>
      <ItemStatus>1</ItemStatus>
    </Item>
    <Item>
      <PriceUpdateDate>2023-06-04 19:29</PriceUpdateDate>
      <ItemCode>7290019056317</ItemCode>
      <ItemType>1</ItemType>
      <ItemName>משקה 1.5 ל  SCHWEPPES RUSSCHIAN</ItemName>
      <ManufacturerName>לא ידוע</ManufacturerName>
      <ManufactureCountry>ישראל</ManufactureCountry>
      <ManufacturerItemDescription>משקה  שוופס ראשן 1.5</ManufacturerItemDescription>
      <UnitQty>ליטרים</UnitQty>
      <Quantity>0.00</Quantity>
      <bIsWeighted>0</bIsWeighted>
      <UnitOfMeasure>ליטר</UnitOfMeasure>
      <QtyInPackage>1</QtyInPackage>
      <ItemPrice>11.90</ItemPrice>
      <UnitOfMeasurePrice>11.90</UnitOfMeasurePrice>
      <AllowDiscount>1</AllowDiscount>
      <ItemStatus>1</ItemStatus>
    </Item>
    <Item>
      <PriceUpdateDate>2023-06-04 19:29</PriceUpdateDate>
      <ItemCode>7290019056324</ItemCode>
      <ItemType>1</ItemType>
      <ItemName>שוופס טוניק 1.5 ליטר</ItemName>
      <ManufacturerName>לא ידוע</ManufacturerName>
      <ManufactureCountry>ישראל</ManufactureCountry>
      <ManufacturerItemDescription>שוופס טוניק 1.5 ליטר</ManufacturerItemDescription>
      <UnitQty>ליטרים</UnitQty>
      <Quantity>0.00</Quantity>
      <bIsWeighted>0</bIsWeighted>
      <UnitOfMeasure>ליטר</UnitOfMeasure>
      <QtyInPackage>1</QtyInPackage>
      <ItemPrice>11.90</ItemPrice>
      <UnitOfMeasurePrice>11.90</UnitOfMeasurePrice>
      <AllowDiscount>1</AllowDiscount>
      <ItemStatus>1</ItemStatus>
    </Item>
    <Item>
      <PriceUpdateDate>2023-06-04 19:29</PriceUpdateDate>
      <ItemCode>7290019056331</ItemCode>
      <ItemType>1</ItemType>
      <ItemName>שוופס טוניק ללא סוכר 1.5 ליטר</ItemName>
      <ManufacturerName>לא ידוע</ManufacturerName>
      <ManufactureCountry>ישראל</ManufactureCountry>
      <ManufacturerItemDescription>שוופס טוניק ללא סוכר</ManufacturerItemDescription>
      <UnitQty>ליטרים</UnitQty>
      <Quantity>0.00</Quantity>
      <bIsWeighted>0</bIsWeighted>
      <UnitOfMeasure>ליטר</UnitOfMeasure>
      <QtyInPackage>1</QtyInPackage>
      <ItemPrice>11.90</ItemPrice>
      <UnitOfMeasurePrice>11.90</UnitOfMeasurePrice>
      <AllowDiscount>1</AllowDiscount>
      <ItemStatus>1</ItemStatus>
    </Item>
    <Item>
      <PriceUpdateDate>2024-09-11 11:12</PriceUpdateDate>
      <ItemCode>7290019056379</ItemCode>
      <ItemType>1</ItemType>
      <ItemName>תפוזינה תפוזים 1.5 ליטר</ItemName>
      <ManufacturerName>לא ידוע</ManufacturerName>
      <ManufactureCountry>ישראל</ManufactureCountry>
      <ManufacturerItemDescription>תפוזינה תפוזים 1.5 ל</ManufacturerItemDescription>
      <UnitQty>ליטרים</UnitQty>
      <Quantity>0.00</Quantity>
      <bIsWeighted>0</bIsWeighted>
      <UnitOfMeasure>ליטר</UnitOfMeasure>
      <QtyInPackage>1</QtyInPackage>
      <ItemPrice>8.90</ItemPrice>
      <UnitOfMeasurePrice>8.90</UnitOfMeasurePrice>
      <AllowDiscount>1</AllowDiscount>
      <ItemStatus>1</ItemStatus>
    </Item>
    <Item>
      <PriceUpdateDate>2024-09-11 11:12</PriceUpdateDate>
      <ItemCode>7290019056430</ItemCode>
      <ItemType>1</ItemType>
      <ItemName>תפוזינה תפוזים לייט 1.5 ליטר</ItemName>
      <ManufacturerName>לא ידוע</ManufacturerName>
      <ManufactureCountry>ישראל</ManufactureCountry>
      <ManufacturerItemDescription>תפוזינה תפוזים לייט </ManufacturerItemDescription>
      <UnitQty>ליטרים</UnitQty>
      <Quantity>0.00</Quantity>
      <bIsWeighted>0</bIsWeighted>
      <UnitOfMeasure>ליטר</UnitOfMeasure>
      <QtyInPackage>1</QtyInPackage>
      <ItemPrice>8.90</ItemPrice>
      <UnitOfMeasurePrice>8.90</UnitOfMeasurePrice>
      <AllowDiscount>1</AllowDiscount>
      <ItemStatus>1</ItemStatus>
    </Item>
    <Item>
      <PriceUpdateDate>2025-09-16 12:36</PriceUpdateDate>
      <ItemCode>7290019056553</ItemCode>
      <ItemType>1</ItemType>
      <ItemName>שישיית מים עין גדי 2 ליטר</ItemName>
      <ManufacturerName>לא ידוע</ManufacturerName>
      <ManufactureCountry>ישראל</ManufactureCountry>
      <ManufacturerItemDescription>שישיית מים עין גדי 2</ManufacturerItemDescription>
      <UnitQty>ליטרים</UnitQty>
      <Quantity>0.01</Quantity>
      <bIsWeighted>0</bIsWeighted>
      <UnitOfMeasure>ליטר</UnitOfMeasure>
      <QtyInPackage>1</QtyInPackage>
      <ItemPrice>14.90</ItemPrice>
      <UnitOfMeasurePrice>1490.00</UnitOfMeasurePrice>
      <AllowDiscount>1</AllowDiscount>
      <ItemStatus>1</ItemStatus>
    </Item>
    <Item>
      <PriceUpdateDate>2024-12-11 07:13</PriceUpdateDate>
      <ItemCode>7290019056577</ItemCode>
      <ItemType>1</ItemType>
      <ItemName>ספרינג מנגו 1.5 ליטר</ItemName>
      <ManufacturerName>לא ידוע</ManufacturerName>
      <ManufactureCountry>ישראל</ManufactureCountry>
      <ManufacturerItemDescription>ספרינג מנגו 1.5 ליטר</ManufacturerItemDescription>
      <UnitQty>ליטרים</UnitQty>
      <Quantity>0.00</Quantity>
      <bIsWeighted>0</bIsWeighted>
      <UnitOfMeasure>ליטר</UnitOfMeasure>
      <QtyInPackage>1</QtyInPackage>
      <ItemPrice>8.90</ItemPrice>
      <UnitOfMeasurePrice>8.90</UnitOfMeasurePrice>
      <AllowDiscount>1</AllowDiscount>
      <ItemStatus>1</ItemStatus>
    </Item>
    <Item>
      <PriceUpdateDate>2024-12-01 09:16</PriceUpdateDate>
      <ItemCode>7290019056591</ItemCode>
      <ItemType>1</ItemType>
      <ItemName>ספרינג ענבים 1.5 ליטר</ItemName>
      <ManufacturerName>לא ידוע</ManufacturerName>
      <ManufactureCountry>ישראל</ManufactureCountry>
      <ManufacturerItemDescription>ספרינג ענבים 1.5 ליט</ManufacturerItemDescription>
      <UnitQty>ליטרים</UnitQty>
      <Quantity>0.00</Quantity>
      <bIsWeighted>0</bIsWeighted>
      <UnitOfMeasure>ליטר</UnitOfMeasure>
      <QtyInPackage>1</QtyInPackage>
      <ItemPrice>8.90</ItemPrice>
      <UnitOfMeasurePrice>8.90</UnitOfMeasurePrice>
      <AllowDiscount>1</AllowDiscount>
      <ItemStatus>1</ItemStatus>
    </Item>
    <Item>
      <PriceUpdateDate>2024-12-11 07:13</PriceUpdateDate>
      <ItemCode>7290019056607</ItemCode>
      <ItemType>1</ItemType>
      <ItemName>ספרינג תפוח 1.5 ליטר</ItemName>
      <ManufacturerName>לא ידוע</ManufacturerName>
      <ManufactureCountry>ישראל</ManufactureCountry>
      <ManufacturerItemDescription>ספרינג תפוח 1.5 ליטר</ManufacturerItemDescription>
      <UnitQty>ליטרים</UnitQty>
      <Quantity>0.00</Quantity>
      <bIsWeighted>0</bIsWeighted>
      <UnitOfMeasure>ליטר</UnitOfMeasure>
      <QtyInPackage>1</QtyInPackage>
      <ItemPrice>8.90</ItemPrice>
      <UnitOfMeasurePrice>8.90</UnitOfMeasurePrice>
      <AllowDiscount>1</AllowDiscount>
      <ItemStatus>1</ItemStatus>
    </Item>
    <Item>
      <PriceUpdateDate>2024-12-11 07:14</PriceUpdateDate>
      <ItemCode>7290019056621</ItemCode>
      <ItemType>1</ItemType>
      <ItemName>ספרינג 1.5 ליטר פירות טרופים</ItemName>
      <ManufacturerName>לא ידוע</ManufacturerName>
      <ManufactureCountry>ישראל</ManufactureCountry>
      <ManufacturerItemDescription>ספרינג 1.5 ליטר פירו</ManufacturerItemDescription>
      <UnitQty>ליטרים</UnitQty>
      <Quantity>0.00</Quantity>
      <bIsWeighted>0</bIsWeighted>
      <UnitOfMeasure>ליטר</UnitOfMeasure>
      <QtyInPackage>1</QtyInPackage>
      <ItemPrice>8.90</ItemPrice>
      <UnitOfMeasurePrice>8.90</UnitOfMeasurePrice>
      <AllowDiscount>1</AllowDiscount>
      <ItemStatus>1</ItemStatus>
    </Item>
    <Item>
      <PriceUpdateDate>2024-12-01 09:08</PriceUpdateDate>
      <ItemCode>7290019056638</ItemCode>
      <ItemType>1</ItemType>
      <ItemName>ספרינג תות בננה 1.5 ליטר</ItemName>
      <ManufacturerName>לא ידוע</ManufacturerName>
      <ManufactureCountry>ישראל</ManufactureCountry>
      <ManufacturerItemDescription>ספרינג תות בננה 1.5 </ManufacturerItemDescription>
      <UnitQty>ליטרים</UnitQty>
      <Quantity>0.00</Quantity>
      <bIsWeighted>0</bIsWeighted>
      <UnitOfMeasure>ליטר</UnitOfMeasure>
      <QtyInPackage>1</QtyInPackage>
      <ItemPrice>8.90</ItemPrice>
      <UnitOfMeasurePrice>8.90</UnitOfMeasurePrice>
      <AllowDiscount>1</AllowDiscount>
      <ItemStatus>1</ItemStatus>
    </Item>
    <Item>
      <PriceUpdateDate>2024-12-11 07:16</PriceUpdateDate>
      <ItemCode>7290019056645</ItemCode>
      <ItemType>1</ItemType>
      <ItemName>ספרינג 1.5 ליטר אגסים סברס תפוח</ItemName>
      <ManufacturerName>לא ידוע</ManufacturerName>
      <ManufactureCountry>ישראל</ManufactureCountry>
      <ManufacturerItemDescription>ספרינג 1.5 ליטר אגסי</ManufacturerItemDescription>
      <UnitQty>ליטרים</UnitQty>
      <Quantity>0.00</Quantity>
      <bIsWeighted>0</bIsWeighted>
      <UnitOfMeasure>ליטר</UnitOfMeasure>
      <QtyInPackage>1</QtyInPackage>
      <ItemPrice>8.90</ItemPrice>
      <UnitOfMeasurePrice>8.90</UnitOfMeasurePrice>
      <AllowDiscount>1</AllowDiscount>
      <ItemStatus>1</ItemStatus>
    </Item>
    <Item>
      <PriceUpdateDate>2024-12-11 07:14</PriceUpdateDate>
      <ItemCode>7290019056652</ItemCode>
      <ItemType>1</ItemType>
      <ItemName>ספרינג אננס בננה 1.5 ליטר</ItemName>
      <ManufacturerName>לא ידוע</ManufacturerName>
      <ManufactureCountry>ישראל</ManufactureCountry>
      <ManufacturerItemDescription>ספרינג אננס בננה 1.5</ManufacturerItemDescription>
      <UnitQty>ליטרים</UnitQty>
      <Quantity>0.00</Quantity>
      <bIsWeighted>0</bIsWeighted>
      <UnitOfMeasure>ליטר</UnitOfMeasure>
      <QtyInPackage>1</QtyInPackage>
      <ItemPrice>8.90</ItemPrice>
      <UnitOfMeasurePrice>8.90</UnitOfMeasurePrice>
      <AllowDiscount>1</AllowDiscount>
      <ItemStatus>1</ItemStatus>
    </Item>
    <Item>
      <PriceUpdateDate>2024-12-11 07:14</PriceUpdateDate>
      <ItemCode>7290019056676</ItemCode>
      <ItemType>1</ItemType>
      <ItemName>ספרינג אשכוליות אננס לייט 1.5 ליטר</ItemName>
      <ManufacturerName>לא ידוע</ManufacturerName>
      <ManufactureCountry>ישראל</ManufactureCountry>
      <ManufacturerItemDescription>ספרינג אשכוליות אננס</ManufacturerItemDescription>
      <UnitQty>ליטרים</UnitQty>
      <Quantity>0.00</Quantity>
      <bIsWeighted>0</bIsWeighted>
      <UnitOfMeasure>ליטר</UnitOfMeasure>
      <QtyInPackage>1</QtyInPackage>
      <ItemPrice>8.90</ItemPrice>
      <UnitOfMeasurePrice>8.90</UnitOfMeasurePrice>
      <AllowDiscount>1</AllowDiscount>
      <ItemStatus>1</ItemStatus>
    </Item>
    <Item>
      <PriceUpdateDate>2022-01-30 22:07</PriceUpdateDate>
      <ItemCode>7290019056881</ItemCode>
      <ItemType>1</ItemType>
      <ItemName>שוופס סודה 1.5 ליטר</ItemName>
      <ManufacturerName>לא ידוע</ManufacturerName>
      <ManufactureCountry />
      <ManufacturerItemDescription>שוופס סודה 1.5 ליטר </ManufacturerItemDescription>
      <UnitQty>ליטרים</UnitQty>
      <Quantity>0.00</Quantity>
      <bIsWeighted>0</bIsWeighted>
      <UnitOfMeasure>ליטר</UnitOfMeasure>
      <QtyInPackage>1</QtyInPackage>
      <ItemPrice>4.00</ItemPrice>
      <UnitOfMeasurePrice>4.00</UnitOfMeasurePrice>
      <AllowDiscount>1</AllowDiscount>
      <ItemStatus>1</ItemStatus>
    </Item>
    <Item>
      <PriceUpdateDate>2021-10-13 16:54</PriceUpdateDate>
      <ItemCode>7290019056942</ItemCode>
      <ItemType>1</ItemType>
      <ItemName>מי עין גדי 2 ל</ItemName>
      <ManufacturerName>לא ידוע</ManufacturerName>
      <ManufactureCountry>ישראל</ManufactureCountry>
      <ManufacturerItemDescription>מי עין גדי 2 ל      </ManufacturerItemDescription>
      <UnitQty>ליטרים</UnitQty>
      <Quantity>0.00</Quantity>
      <bIsWeighted>0</bIsWeighted>
      <UnitOfMeasure>ליטר</UnitOfMeasure>
      <QtyInPackage>1</QtyInPackage>
      <ItemPrice>3.00</ItemPrice>
      <UnitOfMeasurePrice>3.00</UnitOfMeasurePrice>
      <AllowDiscount>1</AllowDiscount>
      <ItemStatus>1</ItemStatus>
    </Item>
    <Item>
      <PriceUpdateDate>2023-07-03 19:46</PriceUpdateDate>
      <ItemCode>7290019056966</ItemCode>
      <ItemType>1</ItemType>
      <ItemName>מי עדן 1.5 ליטר</ItemName>
      <ManufacturerName>לא ידוע</ManufacturerName>
      <ManufactureCountry>ישראל</ManufactureCountry>
      <ManufacturerItemDescription>מי עדן 1.5 ליטר     </ManufacturerItemDescription>
      <UnitQty>ליטרים</UnitQty>
      <Quantity>0.00</Quantity>
      <bIsWeighted>0</bIsWeighted>
      <UnitOfMeasure>ליטר</UnitOfMeasure>
      <QtyInPackage>1</QtyInPackage>
      <ItemPrice>5.50</ItemPrice>
      <UnitOfMeasurePrice>5.50</UnitOfMeasurePrice>
      <AllowDiscount>1</AllowDiscount>
      <ItemStatus>1</ItemStatus>
    </Item>
    <Item>
      <PriceUpdateDate>2024-12-01 09:11</PriceUpdateDate>
      <ItemCode>7290019056973</ItemCode>
      <ItemType>1</ItemType>
      <ItemName>שישיית מי עדן 1.5 ליטר משפחתי</ItemName>
      <ManufacturerName>לא ידוע</ManufacturerName>
      <ManufactureCountry>ישראל</ManufactureCountry>
      <ManufacturerItemDescription>שישיית מי עדן 1.5 לי</ManufacturerItemDescription>
      <UnitQty>ליטרים</UnitQty>
      <Quantity>0.01</Quantity>
      <bIsWeighted>0</bIsWeighted>
      <UnitOfMeasure>ליטר</UnitOfMeasure>
      <QtyInPackage>1</QtyInPackage>
      <ItemPrice>16.90</ItemPrice>
      <UnitOfMeasurePrice>1690.00</UnitOfMeasurePrice>
      <AllowDiscount>1</AllowDiscount>
      <ItemStatus>1</ItemStatus>
    </Item>
    <Item>
      <PriceUpdateDate>2025-03-20 09:45</PriceUpdateDate>
      <ItemCode>7290019079699</ItemCode>
      <ItemType>1</ItemType>
      <ItemName>שוקולד מריר 55% 250 גרם</ItemName>
      <ManufacturerName>לא ידוע</ManufacturerName>
      <ManufactureCountry>לא ידוע</ManufactureCountry>
      <ManufacturerItemDescription>שוקולד מריר 55% 250 </ManufacturerItemDescription>
      <UnitQty>גרמים</UnitQty>
      <Quantity>250.00</Quantity>
      <bIsWeighted>0</bIsWeighted>
      <UnitOfMeasure>100 גרם</UnitOfMeasure>
      <QtyInPackage>1</QtyInPackage>
      <ItemPrice>29.90</ItemPrice>
      <UnitOfMeasurePrice>11.96</UnitOfMeasurePrice>
      <AllowDiscount>1</AllowDiscount>
      <ItemStatus>1</ItemStatus>
    </Item>
    <Item>
      <PriceUpdateDate>2023-06-11 08:52</PriceUpdateDate>
      <ItemCode>7290019152026</ItemCode>
      <ItemType>1</ItemType>
      <ItemName>עוגת שמרים קינמון   </ItemName>
      <ManufacturerName>לא ידוע</ManufacturerName>
      <ManufactureCountry />
      <ManufacturerItemDescription>עוגת שמרים קינמון   </ManufacturerItemDescription>
      <UnitQty>גרמים</UnitQty>
      <Quantity>500.00</Quantity>
      <bIsWeighted>0</bIsWeighted>
      <UnitOfMeasure>100 גרם</UnitOfMeasure>
      <QtyInPackage>1</QtyInPackage>
      <ItemPrice>46.90</ItemPrice>
      <UnitOfMeasurePrice>9.38</UnitOfMeasurePrice>
      <AllowDiscount>1</AllowDiscount>
      <ItemStatus>1</ItemStatus>
    </Item>
    <Item>
      <PriceUpdateDate>2023-11-22 15:08</PriceUpdateDate>
      <ItemCode>7290019152064</ItemCode>
      <ItemType>1</ItemType>
      <ItemName>עוגת שמרים פרג</ItemName>
      <ManufacturerName>לא ידוע</ManufacturerName>
      <ManufactureCountry>IL</ManufactureCountry>
      <ManufacturerItemDescription>עוגת שמרים פרג 600 ג</ManufacturerItemDescription>
      <UnitQty>גרמים</UnitQty>
      <Quantity>600.00</Quantity>
      <bIsWeighted>0</bIsWeighted>
      <UnitOfMeasure>100 גרם</UnitOfMeasure>
      <QtyInPackage>1</QtyInPackage>
      <ItemPrice>46.90</ItemPrice>
      <UnitOfMeasurePrice>7.82</UnitOfMeasurePrice>
      <AllowDiscount>1</AllowDiscount>
      <ItemStatus>1</ItemStatus>
    </Item>
    <Item>
      <PriceUpdateDate>2025-03-20 09:58</PriceUpdateDate>
      <ItemCode>7290019152330</ItemCode>
      <ItemType>1</ItemType>
      <ItemName>מארז 2 בייגל רומני</ItemName>
      <ManufacturerName>לא ידוע</ManufacturerName>
      <ManufactureCountry>IL</ManufactureCountry>
      <ManufacturerItemDescription>מארז 2 בייגל רומני  </ManufacturerItemDescription>
      <UnitQty>Unknown</UnitQty>
      <Quantity>0.00</Quantity>
      <bIsWeighted>0</bIsWeighted>
      <UnitOfMeasure>Unknown</UnitOfMeasure>
      <QtyInPackage>1</QtyInPackage>
      <ItemPrice>17.90</ItemPrice>
      <UnitOfMeasurePrice>17.90</UnitOfMeasurePrice>
      <AllowDiscount>1</AllowDiscount>
      <ItemStatus>1</ItemStatus>
    </Item>
    <Item>
      <PriceUpdateDate>2025-03-20 09:58</PriceUpdateDate>
      <ItemCode>7290019152354</ItemCode>
      <ItemType>1</ItemType>
      <ItemName>מארז 2 גבטה כפרית</ItemName>
      <ManufacturerName>לא ידוע</ManufacturerName>
      <ManufactureCountry>IL</ManufactureCountry>
      <ManufacturerItemDescription>מארז 2 גבטה כפרית   </ManufacturerItemDescription>
      <UnitQty>Unknown</UnitQty>
      <Quantity>0.00</Quantity>
      <bIsWeighted>0</bIsWeighted>
      <UnitOfMeasure>Unknown</UnitOfMeasure>
      <QtyInPackage>1</QtyInPackage>
      <ItemPrice>17.90</ItemPrice>
      <UnitOfMeasurePrice>17.90</UnitOfMeasurePrice>
      <AllowDiscount>1</AllowDiscount>
      <ItemStatus>1</ItemStatus>
    </Item>
    <Item>
      <PriceUpdateDate>2023-06-08 19:23</PriceUpdateDate>
      <ItemCode>7290019152361</ItemCode>
      <ItemType>1</ItemType>
      <ItemName>בגט שוויצרי</ItemName>
      <ManufacturerName>לא ידוע</ManufacturerName>
      <ManufactureCountry>IL</ManufactureCountry>
      <ManufacturerItemDescription>בגט שוויצרי         </ManufacturerItemDescription>
      <UnitQty>Unknown</UnitQty>
      <Quantity>0.00</Quantity>
      <bIsWeighted>0</bIsWeighted>
      <UnitOfMeasure>Unknown</UnitOfMeasure>
      <QtyInPackage>1</QtyInPackage>
      <ItemPrice>11.90</ItemPrice>
      <UnitOfMeasurePrice>11.90</UnitOfMeasurePrice>
      <AllowDiscount>1</AllowDiscount>
      <ItemStatus>1</ItemStatus>
    </Item>
    <Item>
      <PriceUpdateDate>2024-11-16 13:48</PriceUpdateDate>
      <ItemCode>7290019152453</ItemCode>
      <ItemType>1</ItemType>
      <ItemName>לחמניות שום כ300 גר</ItemName>
      <ManufacturerName>לא ידוע</ManufacturerName>
      <ManufactureCountry>IL</ManufactureCountry>
      <ManufacturerItemDescription>לחמניות שום כ300 גר </ManufacturerItemDescription>
      <UnitQty>גרמים</UnitQty>
      <Quantity>300.00</Quantity>
      <bIsWeighted>0</bIsWeighted>
      <UnitOfMeasure>100 גרם</UnitOfMeasure>
      <QtyInPackage>1</QtyInPackage>
      <ItemPrice>24.90</ItemPrice>
      <UnitOfMeasurePrice>8.30</UnitOfMeasurePrice>
      <AllowDiscount>1</AllowDiscount>
      <ItemStatus>1</ItemStatus>
    </Item>
    <Item>
      <PriceUpdateDate>2024-09-25 13:09</PriceUpdateDate>
      <ItemCode>7290019165927</ItemCode>
      <ItemType>1</ItemType>
      <ItemName>נתחי טונה בשמן צמחי 100 גרם</ItemName>
      <ManufacturerName>לא ידוע</ManufacturerName>
      <ManufactureCountry>ויאטנם</ManufactureCountry>
      <ManufacturerItemDescription>נתחי טונה בשמן צמחי </ManufacturerItemDescription>
      <UnitQty>גרמים</UnitQty>
      <Quantity>100.00</Quantity>
      <bIsWeighted>0</bIsWeighted>
      <UnitOfMeasure>100 גרם</UnitOfMeasure>
      <QtyInPackage>1</QtyInPackage>
      <ItemPrice>5.50</ItemPrice>
      <UnitOfMeasurePrice>5.50</UnitOfMeasurePrice>
      <AllowDiscount>1</AllowDiscount>
      <ItemStatus>1</ItemStatus>
    </Item>
    <Item>
      <PriceUpdateDate>2025-03-16 07:19</PriceUpdateDate>
      <ItemCode>7290019226512</ItemCode>
      <ItemType>1</ItemType>
      <ItemName>טונה בשמן צמחי רביעייה 140 גרם</ItemName>
      <ManufacturerName>לא ידוע</ManufacturerName>
      <ManufactureCountry>TH</ManufactureCountry>
      <ManufacturerItemDescription>טונה בשמן צמחי רביעי</ManufacturerItemDescription>
      <UnitQty>גרמים</UnitQty>
      <Quantity>560.00</Quantity>
      <bIsWeighted>0</bIsWeighted>
      <UnitOfMeasure>100 גרם</UnitOfMeasure>
      <QtyInPackage>1</QtyInPackage>
      <ItemPrice>26.90</ItemPrice>
      <UnitOfMeasurePrice>4.80</UnitOfMeasurePrice>
      <AllowDiscount>1</AllowDiscount>
      <ItemStatus>1</ItemStatus>
    </Item>
    <Item>
      <PriceUpdateDate>2024-09-28 23:00</PriceUpdateDate>
      <ItemCode>7290019226789</ItemCode>
      <ItemType>1</ItemType>
      <ItemName>לבבות דקל רבעים 400 גרם</ItemName>
      <ManufacturerName>לא ידוע</ManufacturerName>
      <ManufactureCountry>לא ידוע</ManufactureCountry>
      <ManufacturerItemDescription>לבבות דקל רבעים 400 </ManufacturerItemDescription>
      <UnitQty>גרמים</UnitQty>
      <Quantity>400.00</Quantity>
      <bIsWeighted>0</bIsWeighted>
      <UnitOfMeasure>100 גרם</UnitOfMeasure>
      <QtyInPackage>1</QtyInPackage>
      <ItemPrice>10.90</ItemPrice>
      <UnitOfMeasurePrice>2.73</UnitOfMeasurePrice>
      <AllowDiscount>1</AllowDiscount>
      <ItemStatus>1</ItemStatus>
    </Item>
    <Item>
      <PriceUpdateDate>2024-11-25 13:37</PriceUpdateDate>
      <ItemCode>7290019233015</ItemCode>
      <ItemType>1</ItemType>
      <ItemName>רוטב שקשוקה ירוקה-תבשיל ירקות זיתא 420גר</ItemName>
      <ManufacturerName>לא ידוע</ManufacturerName>
      <ManufactureCountry>איטליה</ManufactureCountry>
      <ManufacturerItemDescription>רוטב שקשוקה ירוקה-תב</ManufacturerItemDescription>
      <UnitQty>גרמים</UnitQty>
      <Quantity>420.00</Quantity>
      <bIsWeighted>0</bIsWeighted>
      <UnitOfMeasure>100 גרם</UnitOfMeasure>
      <QtyInPackage>1</QtyInPackage>
      <ItemPrice>22.90</ItemPrice>
      <UnitOfMeasurePrice>5.45</UnitOfMeasurePrice>
      <AllowDiscount>1</AllowDiscount>
      <ItemStatus>1</ItemStatus>
    </Item>
    <Item>
      <PriceUpdateDate>2024-11-25 13:41</PriceUpdateDate>
      <ItemCode>7290019233039</ItemCode>
      <ItemType>1</ItemType>
      <ItemName>רוטב שקשוקה קלאסית זיתא 420 גר</ItemName>
      <ManufacturerName>פרלינה ס.פ.א</ManufacturerName>
      <ManufactureCountry>איטליה</ManufactureCountry>
      <ManufacturerItemDescription>רוטב שקשוקה קלאסית ז</ManufacturerItemDescription>
      <UnitQty>גרמים</UnitQty>
      <Quantity>400.00</Quantity>
      <bIsWeighted>0</bIsWeighted>
      <UnitOfMeasure>100 גרם</UnitOfMeasure>
      <QtyInPackage>1</QtyInPackage>
      <ItemPrice>22.90</ItemPrice>
      <UnitOfMeasurePrice>5.73</UnitOfMeasurePrice>
      <AllowDiscount>1</AllowDiscount>
      <ItemStatus>1</ItemStatus>
    </Item>
    <Item>
      <PriceUpdateDate>2025-01-29 07:01</PriceUpdateDate>
      <ItemCode>7290019233190</ItemCode>
      <ItemType>1</ItemType>
      <ItemName>זית ירוק צילי חריף עם גלעין זיתא 215 גר</ItemName>
      <ManufacturerName>גרנטה</ManufacturerName>
      <ManufactureCountry>איטליה</ManufactureCountry>
      <ManufacturerItemDescription>זית ירוק צילי חריף ע</ManufacturerItemDescription>
      <UnitQty>גרמים</UnitQty>
      <Quantity>215.00</Quantity>
      <bIsWeighted>0</bIsWeighted>
      <UnitOfMeasure>100 גרם</UnitOfMeasure>
      <QtyInPackage>1</QtyInPackage>
      <ItemPrice>17.90</ItemPrice>
      <UnitOfMeasurePrice>8.33</UnitOfMeasurePrice>
      <AllowDiscount>1</AllowDiscount>
      <ItemStatus>1</ItemStatus>
    </Item>
    <Item>
      <PriceUpdateDate>2025-01-30 07:57</PriceUpdateDate>
      <ItemCode>7290019297239</ItemCode>
      <ItemType>1</ItemType>
      <ItemName>צימוק חום 330 גר</ItemName>
      <ManufacturerName>לא ידוע</ManufacturerName>
      <ManufactureCountry>לא ידוע</ManufactureCountry>
      <ManufacturerItemDescription>צימוק חום 250 גר    </ManufacturerItemDescription>
      <UnitQty>גרמים</UnitQty>
      <Quantity>250.00</Quantity>
      <bIsWeighted>0</bIsWeighted>
      <UnitOfMeasure>100 גרם</UnitOfMeasure>
      <QtyInPackage>1</QtyInPackage>
      <ItemPrice>17.90</ItemPrice>
      <UnitOfMeasurePrice>7.16</UnitOfMeasurePrice>
      <AllowDiscount>1</AllowDiscount>
      <ItemStatus>1</ItemStatus>
    </Item>
    <Item>
      <PriceUpdateDate>2024-01-27 18:31</PriceUpdateDate>
      <ItemCode>7290019297512</ItemCode>
      <ItemType>1</ItemType>
      <ItemName>רוטב רימונים שקדיה 340 מ"ל בדץ</ItemName>
      <ManufacturerName>לא ידוע</ManufacturerName>
      <ManufactureCountry>לא ידוע</ManufactureCountry>
      <ManufacturerItemDescription>רוטב רימונים שקדיה 3</ManufacturerItemDescription>
      <UnitQty>מיליליטרים</UnitQty>
      <Quantity>340.00</Quantity>
      <bIsWeighted>0</bIsWeighted>
      <UnitOfMeasure>100 מ"ל</UnitOfMeasure>
      <QtyInPackage>1</QtyInPackage>
      <ItemPrice>14.70</ItemPrice>
      <UnitOfMeasurePrice>4.32</UnitOfMeasurePrice>
      <AllowDiscount>1</AllowDiscount>
      <ItemStatus>1</ItemStatus>
    </Item>
    <Item>
      <PriceUpdateDate>2024-12-02 15:21</PriceUpdateDate>
      <ItemCode>7290019297550</ItemCode>
      <ItemType>1</ItemType>
      <ItemName>בוטנים מטוגנים בקוספא 185 גרם</ItemName>
      <ManufacturerName>לא ידוע</ManufacturerName>
      <ManufactureCountry>לא ידוע</ManufactureCountry>
      <ManufacturerItemDescription>בוטנים מטוגנים בקופס</ManufacturerItemDescription>
      <UnitQty>גרמים</UnitQty>
      <Quantity>185.00</Quantity>
      <bIsWeighted>0</bIsWeighted>
      <UnitOfMeasure>100 גרם</UnitOfMeasure>
      <QtyInPackage>1</QtyInPackage>
      <ItemPrice>12.50</ItemPrice>
      <UnitOfMeasurePrice>6.76</UnitOfMeasurePrice>
      <AllowDiscount>1</AllowDiscount>
      <ItemStatus>1</ItemStatus>
    </Item>
    <Item>
      <PriceUpdateDate>2025-03-25 07:06</PriceUpdateDate>
      <ItemCode>7290019297628</ItemCode>
      <ItemType>1</ItemType>
      <ItemName>שקד טבעי 150 גרם ששון הקולה</ItemName>
      <ManufacturerName>לא ידוע</ManufacturerName>
      <ManufactureCountry>לא ידוע</ManufactureCountry>
      <ManufacturerItemDescription>שקד טבעי 150 גרם ששו</ManufacturerItemDescription>
      <UnitQty>גרמים</UnitQty>
      <Quantity>150.00</Quantity>
      <bIsWeighted>0</bIsWeighted>
      <UnitOfMeasure>100 גרם</UnitOfMeasure>
      <QtyInPackage>1</QtyInPackage>
      <ItemPrice>18.50</ItemPrice>
      <UnitOfMeasurePrice>12.33</UnitOfMeasurePrice>
      <AllowDiscount>1</AllowDiscount>
      <ItemStatus>1</ItemStatus>
    </Item>
    <Item>
      <PriceUpdateDate>2025-03-25 06:57</PriceUpdateDate>
      <ItemCode>7290019304579</ItemCode>
      <ItemType>1</ItemType>
      <ItemName>פנקו פירורי לחם גואנגדונג 200 גר</ItemName>
      <ManufacturerName>לא ידוע</ManufacturerName>
      <ManufactureCountry>סין</ManufactureCountry>
      <ManufacturerItemDescription>פנקו פירורי לחם גואנ</ManufacturerItemDescription>
      <UnitQty>גרמים</UnitQty>
      <Quantity>200.00</Quantity>
      <bIsWeighted>0</bIsWeighted>
      <UnitOfMeasure>100 גרם</UnitOfMeasure>
      <QtyInPackage>1</QtyInPackage>
      <ItemPrice>9.80</ItemPrice>
      <UnitOfMeasurePrice>4.90</UnitOfMeasurePrice>
      <AllowDiscount>1</AllowDiscount>
      <ItemStatus>1</ItemStatus>
    </Item>
    <Item>
      <PriceUpdateDate>2023-09-18 18:38</PriceUpdateDate>
      <ItemCode>7290019304593</ItemCode>
      <ItemType>1</ItemType>
      <ItemName>פנקו פירורי לחם צהובים 200 ג (גואנגדונג</ItemName>
      <ManufacturerName>לא ידוע</ManufacturerName>
      <ManufactureCountry>לא ידוע</ManufactureCountry>
      <ManufacturerItemDescription>פנקו פירורי לחם צהוב</ManufacturerItemDescription>
      <UnitQty>גרמים</UnitQty>
      <Quantity>200.00</Quantity>
      <bIsWeighted>0</bIsWeighted>
      <UnitOfMeasure>100 גרם</UnitOfMeasure>
      <QtyInPackage>1</QtyInPackage>
      <ItemPrice>9.30</ItemPrice>
      <UnitOfMeasurePrice>4.65</UnitOfMeasurePrice>
      <AllowDiscount>1</AllowDiscount>
      <ItemStatus>1</ItemStatus>
    </Item>
    <Item>
      <PriceUpdateDate>2024-12-11 07:14</PriceUpdateDate>
      <ItemCode>7290019333227</ItemCode>
      <ItemType>1</ItemType>
      <ItemName>בית השיטה זיתים ירוק.מבוקעים גדול 340 ג</ItemName>
      <ManufacturerName>לא ידוע</ManufacturerName>
      <ManufactureCountry>ישראל</ManufactureCountry>
      <ManufacturerItemDescription>בית השיטה זיתים ירוק</ManufacturerItemDescription>
      <UnitQty>גרמים</UnitQty>
      <Quantity>340.00</Quantity>
      <bIsWeighted>0</bIsWeighted>
      <UnitOfMeasure>100 גרם</UnitOfMeasure>
      <QtyInPackage>1</QtyInPackage>
      <ItemPrice>19.90</ItemPrice>
      <UnitOfMeasurePrice>5.85</UnitOfMeasurePrice>
      <AllowDiscount>1</AllowDiscount>
      <ItemStatus>1</ItemStatus>
    </Item>
    <Item>
      <PriceUpdateDate>2025-03-20 09:45</PriceUpdateDate>
      <ItemCode>7290019333517</ItemCode>
      <ItemType>1</ItemType>
      <ItemName>בית השיטה חרוזית ענק 275 גרם</ItemName>
      <ManufacturerName>לא ידוע</ManufacturerName>
      <ManufactureCountry>לא ידוע</ManufactureCountry>
      <ManufacturerItemDescription>בית השיטה חרוזית ענק</ManufacturerItemDescription>
      <UnitQty>גרמים</UnitQty>
      <Quantity>275.00</Quantity>
      <bIsWeighted>0</bIsWeighted>
      <UnitOfMeasure>100 גרם</UnitOfMeasure>
      <QtyInPackage>1</QtyInPackage>
      <ItemPrice>21.90</ItemPrice>
      <UnitOfMeasurePrice>7.96</UnitOfMeasurePrice>
      <AllowDiscount>1</AllowDiscount>
      <ItemStatus>1</ItemStatus>
    </Item>
    <Item>
      <PriceUpdateDate>2025-09-11 18:19</PriceUpdateDate>
      <ItemCode>7290019403401</ItemCode>
      <ItemType>1</ItemType>
      <ItemName>יין ירדן סירה 2022 750 מל</ItemName>
      <ManufacturerName>לא ידוע</ManufacturerName>
      <ManufactureCountry>IL</ManufactureCountry>
      <ManufacturerItemDescription>יין ירדן סירה 2022 7</ManufacturerItemDescription>
      <UnitQty>Unknown</UnitQty>
      <Quantity>750.00</Quantity>
      <bIsWeighted>0</bIsWeighted>
      <UnitOfMeasure>Unknown</UnitOfMeasure>
      <QtyInPackage>1</QtyInPackage>
      <ItemPrice>136.90</ItemPrice>
      <UnitOfMeasurePrice>0.18</UnitOfMeasurePrice>
      <AllowDiscount>1</AllowDiscount>
      <ItemStatus>1</ItemStatus>
    </Item>
    <Item>
      <PriceUpdateDate>2025-07-16 17:44</PriceUpdateDate>
      <ItemCode>7290019403562</ItemCode>
      <ItemType>1</ItemType>
      <ItemName>יין ירדן מרלו 2023 750 מ"ל</ItemName>
      <ManufacturerName>לא ידוע</ManufacturerName>
      <ManufactureCountry>IL</ManufactureCountry>
      <ManufacturerItemDescription>יין ירדן מרלו 2023 7</ManufacturerItemDescription>
      <UnitQty>Unknown</UnitQty>
      <Quantity>0.00</Quantity>
      <bIsWeighted>0</bIsWeighted>
      <UnitOfMeasure>Unknown</UnitOfMeasure>
      <QtyInPackage>1</QtyInPackage>
      <ItemPrice>102.90</ItemPrice>
      <UnitOfMeasurePrice>102.90</UnitOfMeasurePrice>
      <AllowDiscount>1</AllowDiscount>
      <ItemStatus>1</ItemStatus>
    </Item>
    <Item>
      <PriceUpdateDate>2024-03-26 14:13</PriceUpdateDate>
      <ItemCode>7290019443124</ItemCode>
      <ItemType>1</ItemType>
      <ItemName>בירה נגב אואזיס 330 מ"ל</ItemName>
      <ManufacturerName>לא ידוע</ManufacturerName>
      <ManufactureCountry>לא ידוע</ManufactureCountry>
      <ManufacturerItemDescription>בירה נגב אואזיס 330 </ManufacturerItemDescription>
      <UnitQty>מיליליטרים</UnitQty>
      <Quantity>330.00</Quantity>
      <bIsWeighted>0</bIsWeighted>
      <UnitOfMeasure>100 מ"ל</UnitOfMeasure>
      <QtyInPackage>1</QtyInPackage>
      <ItemPrice>16.90</ItemPrice>
      <UnitOfMeasurePrice>5.12</UnitOfMeasurePrice>
      <AllowDiscount>1</AllowDiscount>
      <ItemStatus>1</ItemStatus>
    </Item>
    <Item>
      <PriceUpdateDate>2023-06-25 15:18</PriceUpdateDate>
      <ItemCode>7290019474920</ItemCode>
      <ItemType>1</ItemType>
      <ItemName>פרו סנדוויץ - סכין מ</ItemName>
      <ManufacturerName>לא ידוע</ManufacturerName>
      <ManufactureCountry>לא ידוע</ManufactureCountry>
      <ManufacturerItemDescription>פרו סנדוויץ - סכין מ</ManufacturerItemDescription>
      <UnitQty>Unknown</UnitQty>
      <Quantity>1.00</Quantity>
      <bIsWeighted>0</bIsWeighted>
      <UnitOfMeasure>Unknown</UnitOfMeasure>
      <QtyInPackage>1</QtyInPackage>
      <ItemPrice>12.90</ItemPrice>
      <UnitOfMeasurePrice>12.90</UnitOfMeasurePrice>
      <AllowDiscount>1</AllowDiscount>
      <ItemStatus>1</ItemStatus>
    </Item>
    <Item>
      <PriceUpdateDate>2024-12-01 14:46</PriceUpdateDate>
      <ItemCode>7290019481096</ItemCode>
      <ItemType>1</ItemType>
      <ItemName>12OZ כוסות פלסטיק אמריקאיות 25 יחידות</ItemName>
      <ManufacturerName>לא ידוע</ManufacturerName>
      <ManufactureCountry>לא ידוע</ManufactureCountry>
      <ManufacturerItemDescription>12OZ כוסות פלסטיק אמ</ManufacturerItemDescription>
      <UnitQty>Unknown</UnitQty>
      <Quantity>0.00</Quantity>
      <bIsWeighted>0</bIsWeighted>
      <UnitOfMeasure>Unknown</UnitOfMeasure>
      <QtyInPackage>1</QtyInPackage>
      <ItemPrice>10.90</ItemPrice>
      <UnitOfMeasurePrice>10.90</UnitOfMeasurePrice>
      <AllowDiscount>1</AllowDiscount>
      <ItemStatus>1</ItemStatus>
    </Item>
    <Item>
      <PriceUpdateDate>2023-10-30 18:22</PriceUpdateDate>
      <ItemCode>7290019587002</ItemCode>
      <ItemType>1</ItemType>
      <ItemName>סלט טונה מעושנת עם ירקות  מקסיקני 175 ג</ItemName>
      <ManufacturerName>ס.י.א קרבלה</ManufacturerName>
      <ManufactureCountry>לטביה</ManufactureCountry>
      <ManufacturerItemDescription>סלט טונה מעושנת עם י</ManufacturerItemDescription>
      <UnitQty>גרמים</UnitQty>
      <Quantity>175.00</Quantity>
      <bIsWeighted>0</bIsWeighted>
      <UnitOfMeasure>100 גרם</UnitOfMeasure>
      <QtyInPackage>1</QtyInPackage>
      <ItemPrice>15.90</ItemPrice>
      <UnitOfMeasurePrice>9.09</UnitOfMeasurePrice>
      <AllowDiscount>1</AllowDiscount>
      <ItemStatus>1</ItemStatus>
    </Item>
    <Item>
      <PriceUpdateDate>2025-10-22 22:58</PriceUpdateDate>
      <ItemCode>7290019587552</ItemCode>
      <ItemType>1</ItemType>
      <ItemName>קוסקוס בינוני להכנה מהירה תומר 350 גרם</ItemName>
      <ManufacturerName>לא ידוע</ManufacturerName>
      <ManufactureCountry>IT</ManufactureCountry>
      <ManufacturerItemDescription>קוסקוס בינוני להכנה </ManufacturerItemDescription>
      <UnitQty>גרמים</UnitQty>
      <Quantity>350.00</Quantity>
      <bIsWeighted>0</bIsWeighted>
      <UnitOfMeasure>100 גרם</UnitOfMeasure>
      <QtyInPackage>1</QtyInPackage>
      <ItemPrice>9.10</ItemPrice>
      <UnitOfMeasurePrice>2.60</UnitOfMeasurePrice>
      <AllowDiscount>1</AllowDiscount>
      <ItemStatus>1</ItemStatus>
    </Item>
    <Item>
      <PriceUpdateDate>2025-01-28 13:21</PriceUpdateDate>
      <ItemCode>7290019587668</ItemCode>
      <ItemType>1</ItemType>
      <ItemName>מיץ דובדבן מתוק 100% טבעי 1 ליטר</ItemName>
      <ManufacturerName>לא ידוע</ManufacturerName>
      <ManufactureCountry>גיאורגיה</ManufactureCountry>
      <ManufacturerItemDescription>מיץ דובדבן מתוק 100%</ManufacturerItemDescription>
      <UnitQty>מיליליטרים</UnitQty>
      <Quantity>1000.00</Quantity>
      <bIsWeighted>0</bIsWeighted>
      <UnitOfMeasure>100 מ"ל</UnitOfMeasure>
      <QtyInPackage>1</QtyInPackage>
      <ItemPrice>22.90</ItemPrice>
      <UnitOfMeasurePrice>2.29</UnitOfMeasurePrice>
      <AllowDiscount>1</AllowDiscount>
      <ItemStatus>1</ItemStatus>
    </Item>
    <Item>
      <PriceUpdateDate>2025-01-28 13:21</PriceUpdateDate>
      <ItemCode>7290019587767</ItemCode>
      <ItemType>1</ItemType>
      <ItemName>מיץ פירות יער טבעי 1 ליטר</ItemName>
      <ManufacturerName>לא ידוע</ManufacturerName>
      <ManufactureCountry>גיאורגיה</ManufactureCountry>
      <ManufacturerItemDescription>מיץ פירות יער טבעי 1</ManufacturerItemDescription>
      <UnitQty>מיליליטרים</UnitQty>
      <Quantity>1000.00</Quantity>
      <bIsWeighted>0</bIsWeighted>
      <UnitOfMeasure>100 מ"ל</UnitOfMeasure>
      <QtyInPackage>1</QtyInPackage>
      <ItemPrice>22.90</ItemPrice>
      <UnitOfMeasurePrice>2.29</UnitOfMeasurePrice>
      <AllowDiscount>1</AllowDiscount>
      <ItemStatus>1</ItemStatus>
    </Item>
    <Item>
      <PriceUpdateDate>2025-03-11 12:27</PriceUpdateDate>
      <ItemCode>7290019587910</ItemCode>
      <ItemType>1</ItemType>
      <ItemName>טונה במי מלח רביעייה 560 גרם</ItemName>
      <ManufacturerName>ר. מונקרו פרוזן פוד</ManufacturerName>
      <ManufactureCountry>תאילנד</ManufactureCountry>
      <ManufacturerItemDescription>טונה במי מלח רביעייה</ManufacturerItemDescription>
      <UnitQty>גרמים</UnitQty>
      <Quantity>560.00</Quantity>
      <bIsWeighted>0</bIsWeighted>
      <UnitOfMeasure>100 גרם</UnitOfMeasure>
      <QtyInPackage>1</QtyInPackage>
      <ItemPrice>25.90</ItemPrice>
      <UnitOfMeasurePrice>4.63</UnitOfMeasurePrice>
      <AllowDiscount>1</AllowDiscount>
      <ItemStatus>1</ItemStatus>
    </Item>
    <Item>
      <PriceUpdateDate>2025-11-17 14:55</PriceUpdateDate>
      <ItemCode>7290019600077</ItemCode>
      <ItemType>1</ItemType>
      <ItemName>עגבניות מגי</ItemName>
      <ManufacturerName>לא ידוע</ManufacturerName>
      <ManufactureCountry>IL</ManufactureCountry>
      <ManufacturerItemDescription>עגבניות מגי         </ManufacturerItemDescription>
      <UnitQty>קילוגרמים</UnitQty>
      <Quantity>0.00</Quantity>
      <bIsWeighted>1</bIsWeighted>
      <UnitOfMeasure>ק"ג</UnitOfMeasure>
      <QtyInPackage>0</QtyInPackage>
      <ItemPrice>16.90</ItemPrice>
      <UnitOfMeasurePrice>16.90</UnitOfMeasurePrice>
      <AllowDiscount>1</AllowDiscount>
      <ItemStatus>1</ItemStatus>
    </Item>
    <Item>
      <PriceUpdateDate>2024-07-17 08:35</PriceUpdateDate>
      <ItemCode>7290019621492</ItemCode>
      <ItemType>1</ItemType>
      <ItemName>מנת פסטה נפוליטנה בלה איטליה 55 גר</ItemName>
      <ManufacturerName>לא ידוע</ManufacturerName>
      <ManufactureCountry>איטליה</ManufactureCountry>
      <ManufacturerItemDescription>מנת פסטה נפוליטנה בל</ManufacturerItemDescription>
      <UnitQty>גרמים</UnitQty>
      <Quantity>55.00</Quantity>
      <bIsWeighted>0</bIsWeighted>
      <UnitOfMeasure>100 גרם</UnitOfMeasure>
      <QtyInPackage>1</QtyInPackage>
      <ItemPrice>9.40</ItemPrice>
      <UnitOfMeasurePrice>17.09</UnitOfMeasurePrice>
      <AllowDiscount>1</AllowDiscount>
      <ItemStatus>1</ItemStatus>
    </Item>
    <Item>
      <PriceUpdateDate>2025-09-16 12:36</PriceUpdateDate>
      <ItemCode>7290019635031</ItemCode>
      <ItemType>1</ItemType>
      <ItemName>בוראטה 28% שומן גד 125 גרם</ItemName>
      <ManufacturerName>לא ידוע</ManufacturerName>
      <ManufactureCountry />
      <ManufacturerItemDescription>בוראטה 28% שומן גד 1</ManufacturerItemDescription>
      <UnitQty>גרמים</UnitQty>
      <Quantity>200.00</Quantity>
      <bIsWeighted>0</bIsWeighted>
      <UnitOfMeasure>100 גרם</UnitOfMeasure>
      <QtyInPackage>1</QtyInPackage>
      <ItemPrice>26.50</ItemPrice>
      <UnitOfMeasurePrice>13.25</UnitOfMeasurePrice>
      <AllowDiscount>1</AllowDiscount>
      <ItemStatus>1</ItemStatus>
    </Item>
    <Item>
      <PriceUpdateDate>2025-09-16 12:35</PriceUpdateDate>
      <ItemCode>7290019635192</ItemCode>
      <ItemType>1</ItemType>
      <ItemName>פרוסות גאודה עיזים 150 גרם</ItemName>
      <ManufacturerName>לא ידוע</ManufacturerName>
      <ManufactureCountry>ישראל</ManufactureCountry>
      <ManufacturerItemDescription>פרוסות גאודה עיזים 1</ManufacturerItemDescription>
      <UnitQty>גרמים</UnitQty>
      <Quantity>150.00</Quantity>
      <bIsWeighted>0</bIsWeighted>
      <UnitOfMeasure>100 גרם</UnitOfMeasure>
      <QtyInPackage>1</QtyInPackage>
      <ItemPrice>32.40</ItemPrice>
      <UnitOfMeasurePrice>21.60</UnitOfMeasurePrice>
      <AllowDiscount>1</AllowDiscount>
      <ItemStatus>1</ItemStatus>
    </Item>
    <Item>
      <PriceUpdateDate>2025-04-10 13:27</PriceUpdateDate>
      <ItemCode>7290019635468</ItemCode>
      <ItemType>1</ItemType>
      <ItemName>רוטב פקורינו ופלפל שחור לפסטה 250 גרם</ItemName>
      <ManufacturerName>לא ידוע</ManufacturerName>
      <ManufactureCountry>ישראל</ManufactureCountry>
      <ManufacturerItemDescription>רוטב פקורינו ופלפל ש</ManufacturerItemDescription>
      <UnitQty>גרמים</UnitQty>
      <Quantity>250.00</Quantity>
      <bIsWeighted>0</bIsWeighted>
      <UnitOfMeasure>100 גרם</UnitOfMeasure>
      <QtyInPackage>1</QtyInPackage>
      <ItemPrice>27.90</ItemPrice>
      <UnitOfMeasurePrice>11.16</UnitOfMeasurePrice>
      <AllowDiscount>1</AllowDiscount>
      <ItemStatus>1</ItemStatus>
    </Item>
    <Item>
      <PriceUpdateDate>2025-08-13 13:42</PriceUpdateDate>
      <ItemCode>7290019635499</ItemCode>
      <ItemType>1</ItemType>
      <ItemName>פקורינו איטליאנו מגורר 100 גרם מחלבות גד</ItemName>
      <ManufacturerName>אפ לי פינה אינדטסטריה קאזאריה</ManufacturerName>
      <ManufactureCountry>IT</ManufactureCountry>
      <ManufacturerItemDescription>פקורינו איטליאנו מגו</ManufacturerItemDescription>
      <UnitQty>גרמים</UnitQty>
      <Quantity>100.00</Quantity>
      <bIsWeighted>0</bIsWeighted>
      <UnitOfMeasure>100 גרם</UnitOfMeasure>
      <QtyInPackage>1</QtyInPackage>
      <ItemPrice>20.90</ItemPrice>
      <UnitOfMeasurePrice>20.90</UnitOfMeasurePrice>
      <AllowDiscount>1</AllowDiscount>
      <ItemStatus>1</ItemStatus>
    </Item>
    <Item>
      <PriceUpdateDate>2025-08-12 17:37</PriceUpdateDate>
      <ItemCode>7290019635529</ItemCode>
      <ItemType>1</ItemType>
      <ItemName>גבינת שמנת ניו יורק ווסאבי 24% שומן</ItemName>
      <ManufacturerName>לא ידוע</ManufacturerName>
      <ManufactureCountry>IL</ManufactureCountry>
      <ManufacturerItemDescription>גבינת שמנת ניו יורק </ManufacturerItemDescription>
      <UnitQty>גרמים</UnitQty>
      <Quantity>200.00</Quantity>
      <bIsWeighted>0</bIsWeighted>
      <UnitOfMeasure>100 גרם</UnitOfMeasure>
      <QtyInPackage>1</QtyInPackage>
      <ItemPrice>18.50</ItemPrice>
      <UnitOfMeasurePrice>9.25</UnitOfMeasurePrice>
      <AllowDiscount>1</AllowDiscount>
      <ItemStatus>1</ItemStatus>
    </Item>
    <Item>
      <PriceUpdateDate>2025-10-31 23:00</PriceUpdateDate>
      <ItemCode>7290019635598</ItemCode>
      <ItemType>1</ItemType>
      <ItemName>לאבנה סחוג 5% שומן 250 גר</ItemName>
      <ManufacturerName>לא ידוע</ManufacturerName>
      <ManufactureCountry>IL</ManufactureCountry>
      <ManufacturerItemDescription>לאבנה סחוג 5% שומן 2</ManufacturerItemDescription>
      <UnitQty>גרמים</UnitQty>
      <Quantity>250.00</Quantity>
      <bIsWeighted>0</bIsWeighted>
      <UnitOfMeasure>100 גרם</UnitOfMeasure>
      <QtyInPackage>1</QtyInPackage>
      <ItemPrice>20.90</ItemPrice>
      <UnitOfMeasurePrice>8.36</UnitOfMeasurePrice>
      <AllowDiscount>1</AllowDiscount>
      <ItemStatus>1</ItemStatus>
    </Item>
    <Item>
      <PriceUpdateDate>2025-11-16 15:46</PriceUpdateDate>
      <ItemCode>7290019677079</ItemCode>
      <ItemType>1</ItemType>
      <ItemName>שורש ארוז</ItemName>
      <ManufacturerName>לא ידוע</ManufacturerName>
      <ManufactureCountry>IL</ManufactureCountry>
      <ManufacturerItemDescription>שורש ארוז           </ManufacturerItemDescription>
      <UnitQty>Unknown</UnitQty>
      <Quantity>0.00</Quantity>
      <bIsWeighted>0</bIsWeighted>
      <UnitOfMeasure>Unknown</UnitOfMeasure>
      <QtyInPackage>1</QtyInPackage>
      <ItemPrice>7.90</ItemPrice>
      <UnitOfMeasurePrice>7.90</UnitOfMeasurePrice>
      <AllowDiscount>1</AllowDiscount>
      <ItemStatus>1</ItemStatus>
    </Item>
    <Item>
      <PriceUpdateDate>2025-07-02 11:06</PriceUpdateDate>
      <ItemCode>7290019677109</ItemCode>
      <ItemType>1</ItemType>
      <ItemName>פטרוזיליה ארוזה</ItemName>
      <ManufacturerName>לא ידוע</ManufacturerName>
      <ManufactureCountry />
      <ManufacturerItemDescription>פטרוזיליה ארוזה     </ManufacturerItemDescription>
      <UnitQty>יחידה</UnitQty>
      <Quantity>1.00</Quantity>
      <bIsWeighted>0</bIsWeighted>
      <UnitOfMeasure>יחידה</UnitOfMeasure>
      <QtyInPackage>1</QtyInPackage>
      <ItemPrice>5.90</ItemPrice>
      <UnitOfMeasurePrice>5.90</UnitOfMeasurePrice>
      <AllowDiscount>1</AllowDiscount>
      <ItemStatus>1</ItemStatus>
    </Item>
    <Item>
      <PriceUpdateDate>2025-07-02 11:06</PriceUpdateDate>
      <ItemCode>7290019677116</ItemCode>
      <ItemType>1</ItemType>
      <ItemName>כוסברה ארוזה</ItemName>
      <ManufacturerName>לא ידוע</ManufacturerName>
      <ManufactureCountry />
      <ManufacturerItemDescription>כוסברה ארוזה        </ManufacturerItemDescription>
      <UnitQty>יחידה</UnitQty>
      <Quantity>1.00</Quantity>
      <bIsWeighted>0</bIsWeighted>
      <UnitOfMeasure>יחידה</UnitOfMeasure>
      <QtyInPackage>1</QtyInPackage>
      <ItemPrice>5.90</ItemPrice>
      <UnitOfMeasurePrice>5.90</UnitOfMeasurePrice>
      <AllowDiscount>1</AllowDiscount>
      <ItemStatus>1</ItemStatus>
    </Item>
    <Item>
      <PriceUpdateDate>2025-07-02 11:06</PriceUpdateDate>
      <ItemCode>7290019677130</ItemCode>
      <ItemType>1</ItemType>
      <ItemName>נענע ארוז</ItemName>
      <ManufacturerName>לא ידוע</ManufacturerName>
      <ManufactureCountry />
      <ManufacturerItemDescription>נענע ארוז           </ManufacturerItemDescription>
      <UnitQty>יחידה</UnitQty>
      <Quantity>1.00</Quantity>
      <bIsWeighted>0</bIsWeighted>
      <UnitOfMeasure>יחידה</UnitOfMeasure>
      <QtyInPackage>1</QtyInPackage>
      <ItemPrice>5.90</ItemPrice>
      <UnitOfMeasurePrice>5.90</UnitOfMeasurePrice>
      <AllowDiscount>1</AllowDiscount>
      <ItemStatus>1</ItemStatus>
    </Item>
    <Item>
      <PriceUpdateDate>2025-03-25 06:57</PriceUpdateDate>
      <ItemCode>7290019760290</ItemCode>
      <ItemType>1</ItemType>
      <ItemName>תערובת להכנת ציפוי טמפורה גואנגדונג 500ג</ItemName>
      <ManufacturerName>לא ידוע</ManufacturerName>
      <ManufactureCountry>סין</ManufactureCountry>
      <ManufacturerItemDescription>תערובת להכנת ציפוי ט</ManufacturerItemDescription>
      <UnitQty>גרמים</UnitQty>
      <Quantity>500.00</Quantity>
      <bIsWeighted>0</bIsWeighted>
      <UnitOfMeasure>100 גרם</UnitOfMeasure>
      <QtyInPackage>1</QtyInPackage>
      <ItemPrice>14.20</ItemPrice>
      <UnitOfMeasurePrice>2.84</UnitOfMeasurePrice>
      <AllowDiscount>1</AllowDiscount>
      <ItemStatus>1</ItemStatus>
    </Item>
    <Item>
      <PriceUpdateDate>2025-03-20 09:37</PriceUpdateDate>
      <ItemCode>7290019790051</ItemCode>
      <ItemType>1</ItemType>
      <ItemName>שמנת לבישול 15% רמת הגולן 500 מל</ItemName>
      <ManufacturerName>לא ידוע</ManufacturerName>
      <ManufactureCountry>ישראל</ManufactureCountry>
      <ManufacturerItemDescription>שמנת לבישול 15% רמת </ManufacturerItemDescription>
      <UnitQty>מיליליטרים</UnitQty>
      <Quantity>500.00</Quantity>
      <bIsWeighted>0</bIsWeighted>
      <UnitOfMeasure>100 מ"ל</UnitOfMeasure>
      <QtyInPackage>1</QtyInPackage>
      <ItemPrice>21.90</ItemPrice>
      <UnitOfMeasurePrice>4.38</UnitOfMeasurePrice>
      <AllowDiscount>1</AllowDiscount>
      <ItemStatus>1</ItemStatus>
    </Item>
    <Item>
      <PriceUpdateDate>2025-03-20 09:43</PriceUpdateDate>
      <ItemCode>7290019790259</ItemCode>
      <ItemType>1</ItemType>
      <ItemName>חלב טבעי 4% 1 ל רמת הגולן</ItemName>
      <ManufacturerName>לא ידוע</ManufacturerName>
      <ManufactureCountry>ישראל</ManufactureCountry>
      <ManufacturerItemDescription>חלב טבעי 4% 1 ל רמת </ManufacturerItemDescription>
      <UnitQty>מיליליטרים</UnitQty>
      <Quantity>1000.00</Quantity>
      <bIsWeighted>0</bIsWeighted>
      <UnitOfMeasure>100 מ"ל</UnitOfMeasure>
      <QtyInPackage>1</QtyInPackage>
      <ItemPrice>12.20</ItemPrice>
      <UnitOfMeasurePrice>1.22</UnitOfMeasurePrice>
      <AllowDiscount>1</AllowDiscount>
      <ItemStatus>1</ItemStatus>
    </Item>
    <Item>
      <PriceUpdateDate>2024-11-13 09:50</PriceUpdateDate>
      <ItemCode>7290019870425</ItemCode>
      <ItemType>1</ItemType>
      <ItemName>צוקטה פופקורן בטעם קרמל ובוטנים</ItemName>
      <ManufacturerName>סרנו</ManufacturerName>
      <ManufactureCountry>קפריסין</ManufactureCountry>
      <ManufacturerItemDescription>צוקטה פופקורן בטעם ק</ManufacturerItemDescription>
      <UnitQty>גרמים</UnitQty>
      <Quantity>90.00</Quantity>
      <bIsWeighted>0</bIsWeighted>
      <UnitOfMeasure>100 גרם</UnitOfMeasure>
      <QtyInPackage>1</QtyInPackage>
      <ItemPrice>9.90</ItemPrice>
      <UnitOfMeasurePrice>11.00</UnitOfMeasurePrice>
      <AllowDiscount>1</AllowDiscount>
      <ItemStatus>1</ItemStatus>
    </Item>
    <Item>
      <PriceUpdateDate>2025-11-20 23:00</PriceUpdateDate>
      <ItemCode>7290019934561</ItemCode>
      <ItemType>1</ItemType>
      <ItemName>זית ירוק ללא גלעין עם שקד לטרובליס 350 ג</ItemName>
      <ManufacturerName>לא ידוע</ManufacturerName>
      <ManufactureCountry>GR</ManufactureCountry>
      <ManufacturerItemDescription>זית ירוק ללא גלעין ע</ManufacturerItemDescription>
      <UnitQty>גרמים</UnitQty>
      <Quantity>350.00</Quantity>
      <bIsWeighted>0</bIsWeighted>
      <UnitOfMeasure>100 גרם</UnitOfMeasure>
      <QtyInPackage>1</QtyInPackage>
      <ItemPrice>20.90</ItemPrice>
      <UnitOfMeasurePrice>5.97</UnitOfMeasurePrice>
      <AllowDiscount>1</AllowDiscount>
      <ItemStatus>1</ItemStatus>
    </Item>
    <Item>
      <PriceUpdateDate>2024-08-20 12:54</PriceUpdateDate>
      <ItemCode>7290019956006</ItemCode>
      <ItemType>1</ItemType>
      <ItemName>מלפפון פרוסות 530 גרם</ItemName>
      <ManufacturerName>לא ידוע</ManufacturerName>
      <ManufactureCountry>בלגיה</ManufactureCountry>
      <ManufacturerItemDescription>מלפפון פרוסות 530 גר</ManufacturerItemDescription>
      <UnitQty>גרמים</UnitQty>
      <Quantity>530.00</Quantity>
      <bIsWeighted>0</bIsWeighted>
      <UnitOfMeasure>100 גרם</UnitOfMeasure>
      <QtyInPackage>1</QtyInPackage>
      <ItemPrice>20.40</ItemPrice>
      <UnitOfMeasurePrice>3.85</UnitOfMeasurePrice>
      <AllowDiscount>1</AllowDiscount>
      <ItemStatus>1</ItemStatus>
    </Item>
    <Item>
      <PriceUpdateDate>2024-08-20 12:54</PriceUpdateDate>
      <ItemCode>7290019956013</ItemCode>
      <ItemType>1</ItemType>
      <ItemName>מלפפון קורנישון 530 גרם BF</ItemName>
      <ManufacturerName>לא ידוע</ManufacturerName>
      <ManufactureCountry>בלגיה</ManufactureCountry>
      <ManufacturerItemDescription>מלפפון קורנישון 530 </ManufacturerItemDescription>
      <UnitQty>גרמים</UnitQty>
      <Quantity>530.00</Quantity>
      <bIsWeighted>0</bIsWeighted>
      <UnitOfMeasure>100 גרם</UnitOfMeasure>
      <QtyInPackage>1</QtyInPackage>
      <ItemPrice>19.50</ItemPrice>
      <UnitOfMeasurePrice>3.68</UnitOfMeasurePrice>
      <AllowDiscount>1</AllowDiscount>
      <ItemStatus>1</ItemStatus>
    </Item>
    <Item>
      <PriceUpdateDate>2024-08-20 12:54</PriceUpdateDate>
      <ItemCode>7290019956037</ItemCode>
      <ItemType>1</ItemType>
      <ItemName>שימורי מלפפון פרוסות 530 גר</ItemName>
      <ManufacturerName>לא ידוע</ManufacturerName>
      <ManufactureCountry>בלגיה</ManufactureCountry>
      <ManufacturerItemDescription>שימורי מלפפון פרוסות</ManufacturerItemDescription>
      <UnitQty>גרמים</UnitQty>
      <Quantity>530.00</Quantity>
      <bIsWeighted>0</bIsWeighted>
      <UnitOfMeasure>100 גרם</UnitOfMeasure>
      <QtyInPackage>1</QtyInPackage>
      <ItemPrice>20.30</ItemPrice>
      <UnitOfMeasurePrice>3.83</UnitOfMeasurePrice>
      <AllowDiscount>1</AllowDiscount>
      <ItemStatus>1</ItemStatus>
    </Item>
    <Item>
      <PriceUpdateDate>2025-09-06 23:01</PriceUpdateDate>
      <ItemCode>7290019964162</ItemCode>
      <ItemType>1</ItemType>
      <ItemName>קפסולות קפה ארומה אספרסו 10 יח</ItemName>
      <ManufacturerName>ארומה אספרסו בר</ManufacturerName>
      <ManufactureCountry>IL</ManufactureCountry>
      <ManufacturerItemDescription>קפסולות קפה ארומה אס</ManufacturerItemDescription>
      <UnitQty>יחידה</UnitQty>
      <Quantity>1.00</Quantity>
      <bIsWeighted>0</bIsWeighted>
      <UnitOfMeasure>יחידה</UnitOfMeasure>
      <QtyInPackage>1</QtyInPackage>
      <ItemPrice>22.90</ItemPrice>
      <UnitOfMeasurePrice>22.90</UnitOfMeasurePrice>
      <AllowDiscount>1</AllowDiscount>
      <ItemStatus>1</ItemStatus>
    </Item>
    <Item>
      <PriceUpdateDate>2025-07-08 12:13</PriceUpdateDate>
      <ItemCode>7290019997177</ItemCode>
      <ItemType>1</ItemType>
      <ItemName>חצאי זיתים שחורים קלמטה בית השיטה 275 ג</ItemName>
      <ManufacturerName>לא ידוע</ManufacturerName>
      <ManufactureCountry>IL</ManufactureCountry>
      <ManufacturerItemDescription>חצאי זיתים שחורים קל</ManufacturerItemDescription>
      <UnitQty>גרמים</UnitQty>
      <Quantity>275.00</Quantity>
      <bIsWeighted>0</bIsWeighted>
      <UnitOfMeasure>100 גרם</UnitOfMeasure>
      <QtyInPackage>1</QtyInPackage>
      <ItemPrice>20.90</ItemPrice>
      <UnitOfMeasurePrice>7.60</UnitOfMeasurePrice>
      <AllowDiscount>1</AllowDiscount>
      <ItemStatus>1</ItemStatus>
    </Item>
    <Item>
      <PriceUpdateDate>2025-03-31 23:01</PriceUpdateDate>
      <ItemCode>7290019997214</ItemCode>
      <ItemType>1</ItemType>
      <ItemName>זיתים ירוקים ענקיים שלמים 340 גרם</ItemName>
      <ManufacturerName>לא ידוע</ManufacturerName>
      <ManufactureCountry>ישראל</ManufactureCountry>
      <ManufacturerItemDescription>זיתים ירוקים ענקיים </ManufacturerItemDescription>
      <UnitQty>גרמים</UnitQty>
      <Quantity>340.00</Quantity>
      <bIsWeighted>0</bIsWeighted>
      <UnitOfMeasure>100 גרם</UnitOfMeasure>
      <QtyInPackage>1</QtyInPackage>
      <ItemPrice>18.90</ItemPrice>
      <UnitOfMeasurePrice>5.56</UnitOfMeasurePrice>
      <AllowDiscount>1</AllowDiscount>
      <ItemStatus>1</ItemStatus>
    </Item>
    <Item>
      <PriceUpdateDate>2025-10-22 22:59</PriceUpdateDate>
      <ItemCode>7290020035349</ItemCode>
      <ItemType>1</ItemType>
      <ItemName>פניני טפיוקה מזרח ומערב 500 גרם</ItemName>
      <ManufacturerName>לא ידוע</ManufacturerName>
      <ManufactureCountry>TH</ManufactureCountry>
      <ManufacturerItemDescription>פניני טפיוקה מזרח ומ</ManufacturerItemDescription>
      <UnitQty>גרמים</UnitQty>
      <Quantity>500.00</Quantity>
      <bIsWeighted>0</bIsWeighted>
      <UnitOfMeasure>100 גרם</UnitOfMeasure>
      <QtyInPackage>1</QtyInPackage>
      <ItemPrice>16.50</ItemPrice>
      <UnitOfMeasurePrice>3.30</UnitOfMeasurePrice>
      <AllowDiscount>1</AllowDiscount>
      <ItemStatus>1</ItemStatus>
    </Item>
    <Item>
      <PriceUpdateDate>2024-12-01 15:39</PriceUpdateDate>
      <ItemCode>7290020228024</ItemCode>
      <ItemType>1</ItemType>
      <ItemName>BIO כביסכל סופט קייר 2 ליטר</ItemName>
      <ManufacturerName>לא ידוע</ManufacturerName>
      <ManufactureCountry>IL</ManufactureCountry>
      <ManufacturerItemDescription>BIO כביסכל סופט קייר</ManufacturerItemDescription>
      <UnitQty>ליטרים</UnitQty>
      <Quantity>0.00</Quantity>
      <bIsWeighted>0</bIsWeighted>
      <UnitOfMeasure>ליטר</UnitOfMeasure>
      <QtyInPackage>1</QtyInPackage>
      <ItemPrice>44.90</ItemPrice>
      <UnitOfMeasurePrice>44.90</UnitOfMeasurePrice>
      <AllowDiscount>1</AllowDiscount>
      <ItemStatus>1</ItemStatus>
    </Item>
    <Item>
      <PriceUpdateDate>2025-09-08 16:59</PriceUpdateDate>
      <ItemCode>7290020239099</ItemCode>
      <ItemType>1</ItemType>
      <ItemName>חטיפי בורקיטס במילוי גבינות 770  גרם</ItemName>
      <ManufacturerName>לא ידוע</ManufacturerName>
      <ManufactureCountry>IL</ManufactureCountry>
      <ManufacturerItemDescription>חטיפי בורקיטס במילוי</ManufacturerItemDescription>
      <UnitQty>גרמים</UnitQty>
      <Quantity>770.00</Quantity>
      <bIsWeighted>0</bIsWeighted>
      <UnitOfMeasure>100 גרם</UnitOfMeasure>
      <QtyInPackage>1</QtyInPackage>
      <ItemPrice>34.90</ItemPrice>
      <UnitOfMeasurePrice>4.53</UnitOfMeasurePrice>
      <AllowDiscount>1</AllowDiscount>
      <ItemStatus>1</ItemStatus>
    </Item>
    <Item>
      <PriceUpdateDate>2025-05-26 13:06</PriceUpdateDate>
      <ItemCode>7290020239136</ItemCode>
      <ItemType>1</ItemType>
      <ItemName>לקט עוף וירקות ירוק גלילי להקפצה 550 גרם</ItemName>
      <ManufacturerName>לא ידוע</ManufacturerName>
      <ManufactureCountry>IL</ManufactureCountry>
      <ManufacturerItemDescription>לקט עוף וירקות ירוק </ManufacturerItemDescription>
      <UnitQty>גרמים</UnitQty>
      <Quantity>550.00</Quantity>
      <bIsWeighted>0</bIsWeighted>
      <UnitOfMeasure>100 גרם</UnitOfMeasure>
      <QtyInPackage>1</QtyInPackage>
      <ItemPrice>36.90</ItemPrice>
      <UnitOfMeasurePrice>6.71</UnitOfMeasurePrice>
      <AllowDiscount>1</AllowDiscount>
      <ItemStatus>1</ItemStatus>
    </Item>
    <Item>
      <PriceUpdateDate>2024-06-03 09:50</PriceUpdateDate>
      <ItemCode>7290020560001</ItemCode>
      <ItemType>1</ItemType>
      <ItemName>פטריות שמפיניון ארוז</ItemName>
      <ManufacturerName>לא ידוע</ManufacturerName>
      <ManufactureCountry>לא ידוע</ManufactureCountry>
      <ManufacturerItemDescription>פטריות שמפיניון ארוז</ManufacturerItemDescription>
      <UnitQty>יחידה</UnitQty>
      <Quantity>1.00</Quantity>
      <bIsWeighted>0</bIsWeighted>
      <UnitOfMeasure>יחידה</UnitOfMeasure>
      <QtyInPackage>1</QtyInPackage>
      <ItemPrice>12.90</ItemPrice>
      <UnitOfMeasurePrice>12.90</UnitOfMeasurePrice>
      <AllowDiscount>1</AllowDiscount>
      <ItemStatus>1</ItemStatus>
    </Item>
    <Item>
      <PriceUpdateDate>2023-10-25 14:50</PriceUpdateDate>
      <ItemCode>7290020560995</ItemCode>
      <ItemType>1</ItemType>
      <ItemName>פטריות פורטבלו</ItemName>
      <ManufacturerName>לא ידוע</ManufacturerName>
      <ManufactureCountry>לא ידוע</ManufactureCountry>
      <ManufacturerItemDescription>פטריות פורטבלו      </ManufacturerItemDescription>
      <UnitQty>Unknown</UnitQty>
      <Quantity>0.00</Quantity>
      <bIsWeighted>0</bIsWeighted>
      <UnitOfMeasure>Unknown</UnitOfMeasure>
      <QtyInPackage>1</QtyInPackage>
      <ItemPrice>14.90</ItemPrice>
      <UnitOfMeasurePrice>14.90</UnitOfMeasurePrice>
      <AllowDiscount>1</AllowDiscount>
      <ItemStatus>1</ItemStatus>
    </Item>
    <Item>
      <PriceUpdateDate>2024-11-17 13:15</PriceUpdateDate>
      <ItemCode>7290069701151</ItemCode>
      <ItemType>1</ItemType>
      <ItemName>פריזר דוקטורסקיה אוריגינל מזרע</ItemName>
      <ManufacturerName>לא ידוע</ManufacturerName>
      <ManufactureCountry>לא ידוע</ManufactureCountry>
      <ManufacturerItemDescription>פריזר דוקטורסקיה    </ManufacturerItemDescription>
      <UnitQty>Unknown</UnitQty>
      <Quantity>0.00</Quantity>
      <bIsWeighted>1</bIsWeighted>
      <UnitOfMeasure>ק"ג</UnitOfMeasure>
      <QtyInPackage>0</QtyInPackage>
      <ItemPrice>109.00</ItemPrice>
      <UnitOfMeasurePrice>109.00</UnitOfMeasurePrice>
      <AllowDiscount>1</AllowDiscount>
      <ItemStatus>1</ItemStatus>
    </Item>
    <Item>
      <PriceUpdateDate>2025-03-06 07:43</PriceUpdateDate>
      <ItemCode>7290100240144</ItemCode>
      <ItemType>1</ItemType>
      <ItemName>בדין תרסיס למייבש ורוד</ItemName>
      <ManufacturerName>לא ידוע</ManufacturerName>
      <ManufactureCountry>לא ידוע</ManufactureCountry>
      <ManufacturerItemDescription>בדין תרסיס למייבש ור</ManufacturerItemDescription>
      <UnitQty>מיליליטרים</UnitQty>
      <Quantity>500.00</Quantity>
      <bIsWeighted>0</bIsWeighted>
      <UnitOfMeasure>100 מ"ל</UnitOfMeasure>
      <QtyInPackage>1</QtyInPackage>
      <ItemPrice>26.30</ItemPrice>
      <UnitOfMeasurePrice>5.26</UnitOfMeasurePrice>
      <AllowDiscount>1</AllowDiscount>
      <ItemStatus>1</ItemStatus>
    </Item>
    <Item>
      <PriceUpdateDate>2025-05-21 08:31</PriceUpdateDate>
      <ItemCode>7290100240632</ItemCode>
      <ItemType>1</ItemType>
      <ItemName>פתית 6 דגנים בד"צ 250 גרם</ItemName>
      <ManufacturerName>לא ידוע</ManufacturerName>
      <ManufactureCountry>לא ידוע</ManufactureCountry>
      <ManufacturerItemDescription>פתית 6 דגנים בד"צ 25</ManufacturerItemDescription>
      <UnitQty>גרמים</UnitQty>
      <Quantity>250.00</Quantity>
      <bIsWeighted>0</bIsWeighted>
      <UnitOfMeasure>100 גרם</UnitOfMeasure>
      <QtyInPackage>1</QtyInPackage>
      <ItemPrice>23.90</ItemPrice>
      <UnitOfMeasurePrice>9.56</UnitOfMeasurePrice>
      <AllowDiscount>1</AllowDiscount>
      <ItemStatus>1</ItemStatus>
    </Item>
    <Item>
      <PriceUpdateDate>2025-05-21 08:27</PriceUpdateDate>
      <ItemCode>7290100243084</ItemCode>
      <ItemType>1</ItemType>
      <ItemName>מיונז הלמנס 789 גרם</ItemName>
      <ManufacturerName>לא ידוע</ManufacturerName>
      <ManufactureCountry>לא ידוע</ManufactureCountry>
      <ManufacturerItemDescription>מיונז הלמנס 789 גרם </ManufacturerItemDescription>
      <UnitQty>מיליליטרים</UnitQty>
      <Quantity>400.00</Quantity>
      <bIsWeighted>0</bIsWeighted>
      <UnitOfMeasure>100 מ"ל</UnitOfMeasure>
      <QtyInPackage>1</QtyInPackage>
      <ItemPrice>32.90</ItemPrice>
      <UnitOfMeasurePrice>8.23</UnitOfMeasurePrice>
      <AllowDiscount>1</AllowDiscount>
      <ItemStatus>1</ItemStatus>
    </Item>
    <Item>
      <PriceUpdateDate>2023-05-22 18:47</PriceUpdateDate>
      <ItemCode>7290100245231</ItemCode>
      <ItemType>1</ItemType>
      <ItemName>מרק נמס בכוס ועוד ט.עוף שקדי מרק - קנור</ItemName>
      <ManufacturerName>לא ידוע</ManufacturerName>
      <ManufactureCountry>לא ידוע</ManufactureCountry>
      <ManufacturerItemDescription>מרק נמס בכוס ועוד ט.</ManufacturerItemDescription>
      <UnitQty>גרמים</UnitQty>
      <Quantity>50.00</Quantity>
      <bIsWeighted>0</bIsWeighted>
      <UnitOfMeasure>100 גרם</UnitOfMeasure>
      <QtyInPackage>1</QtyInPackage>
      <ItemPrice>8.90</ItemPrice>
      <UnitOfMeasurePrice>17.80</UnitOfMeasurePrice>
      <AllowDiscount>1</AllowDiscount>
      <ItemStatus>1</ItemStatus>
    </Item>
    <Item>
      <PriceUpdateDate>2021-01-20 21:12</PriceUpdateDate>
      <ItemCode>7290100570074</ItemCode>
      <ItemType>1</ItemType>
      <ItemName>אבזרי מטבח</ItemName>
      <ManufacturerName>לא ידוע</ManufacturerName>
      <ManufactureCountry>לא ידוע</ManufactureCountry>
      <ManufacturerItemDescription>אבזרי מטבח          </ManufacturerItemDescription>
      <UnitQty>Unknown</UnitQty>
      <Quantity>0.00</Quantity>
      <bIsWeighted>0</bIsWeighted>
      <UnitOfMeasure>Unknown</UnitOfMeasure>
      <QtyInPackage>1</QtyInPackage>
      <ItemPrice>4.90</ItemPrice>
      <UnitOfMeasurePrice>4.90</UnitOfMeasurePrice>
      <AllowDiscount>1</AllowDiscount>
      <ItemStatus>1</ItemStatus>
    </Item>
    <Item>
      <PriceUpdateDate>2021-01-20 21:12</PriceUpdateDate>
      <ItemCode>7290100570234</ItemCode>
      <ItemType>1</ItemType>
      <ItemName>אבזרי מטבח</ItemName>
      <ManufacturerName>לא ידוע</ManufacturerName>
      <ManufactureCountry>לא ידוע</ManufactureCountry>
      <ManufacturerItemDescription>אבזרי מטבח          </ManufacturerItemDescription>
      <UnitQty>Unknown</UnitQty>
      <Quantity>0.00</Quantity>
      <bIsWeighted>0</bIsWeighted>
      <UnitOfMeasure>Unknown</UnitOfMeasure>
      <QtyInPackage>1</QtyInPackage>
      <ItemPrice>12.90</ItemPrice>
      <UnitOfMeasurePrice>12.90</UnitOfMeasurePrice>
      <AllowDiscount>1</AllowDiscount>
      <ItemStatus>1</ItemStatus>
    </Item>
    <Item>
      <PriceUpdateDate>2021-01-20 21:12</PriceUpdateDate>
      <ItemCode>7290100571224</ItemCode>
      <ItemType>1</ItemType>
      <ItemName>אבזרי מטבח</ItemName>
      <ManufacturerName>לא ידוע</ManufacturerName>
      <ManufactureCountry>לא ידוע</ManufactureCountry>
      <ManufacturerItemDescription>אבזרי מטבח          </ManufacturerItemDescription>
      <UnitQty>Unknown</UnitQty>
      <Quantity>0.00</Quantity>
      <bIsWeighted>0</bIsWeighted>
      <UnitOfMeasure>Unknown</UnitOfMeasure>
      <QtyInPackage>1</QtyInPackage>
      <ItemPrice>7.90</ItemPrice>
      <UnitOfMeasurePrice>7.90</UnitOfMeasurePrice>
      <AllowDiscount>1</AllowDiscount>
      <ItemStatus>1</ItemStatus>
    </Item>
    <Item>
      <PriceUpdateDate>2021-01-20 21:12</PriceUpdateDate>
      <ItemCode>7290100572115</ItemCode>
      <ItemType>1</ItemType>
      <ItemName>אבזרי מטבח</ItemName>
      <ManufacturerName>לא ידוע</ManufacturerName>
      <ManufactureCountry>לא ידוע</ManufactureCountry>
      <ManufacturerItemDescription>אבזרי מטבח          </ManufacturerItemDescription>
      <UnitQty>Unknown</UnitQty>
      <Quantity>0.00</Quantity>
      <bIsWeighted>0</bIsWeighted>
      <UnitOfMeasure>Unknown</UnitOfMeasure>
      <QtyInPackage>1</QtyInPackage>
      <ItemPrice>11.90</ItemPrice>
      <UnitOfMeasurePrice>11.90</UnitOfMeasurePrice>
      <AllowDiscount>1</AllowDiscount>
      <ItemStatus>1</ItemStatus>
    </Item>
    <Item>
      <PriceUpdateDate>2021-01-20 21:12</PriceUpdateDate>
      <ItemCode>7290100572368</ItemCode>
      <ItemType>1</ItemType>
      <ItemName>אבזרי מטבח</ItemName>
      <ManufacturerName>לא ידוע</ManufacturerName>
      <ManufactureCountry>לא ידוע</ManufactureCountry>
      <ManufacturerItemDescription>אבזרי מטבח          </ManufacturerItemDescription>
      <UnitQty>Unknown</UnitQty>
      <Quantity>0.00</Quantity>
      <bIsWeighted>0</bIsWeighted>
      <UnitOfMeasure>Unknown</UnitOfMeasure>
      <QtyInPackage>1</QtyInPackage>
      <ItemPrice>19.90</ItemPrice>
      <UnitOfMeasurePrice>19.90</UnitOfMeasurePrice>
      <AllowDiscount>1</AllowDiscount>
      <ItemStatus>1</ItemStatus>
    </Item>
    <Item>
      <PriceUpdateDate>2021-01-20 21:12</PriceUpdateDate>
      <ItemCode>7290100572702</ItemCode>
      <ItemType>1</ItemType>
      <ItemName>אביזרי מטבח</ItemName>
      <ManufacturerName>לא ידוע</ManufacturerName>
      <ManufactureCountry>לא ידוע</ManufactureCountry>
      <ManufacturerItemDescription>אביזרי מטבח         </ManufacturerItemDescription>
      <UnitQty>Unknown</UnitQty>
      <Quantity>0.00</Quantity>
      <bIsWeighted>0</bIsWeighted>
      <UnitOfMeasure>Unknown</UnitOfMeasure>
      <QtyInPackage>1</QtyInPackage>
      <ItemPrice>10.90</ItemPrice>
      <UnitOfMeasurePrice>10.90</UnitOfMeasurePrice>
      <AllowDiscount>1</AllowDiscount>
      <ItemStatus>1</ItemStatus>
    </Item>
    <Item>
      <PriceUpdateDate>2021-01-20 21:12</PriceUpdateDate>
      <ItemCode>7290100573235</ItemCode>
      <ItemType>1</ItemType>
      <ItemName>אבזרי מטבח</ItemName>
      <ManufacturerName>לא ידוע</ManufacturerName>
      <ManufactureCountry>לא ידוע</ManufactureCountry>
      <ManufacturerItemDescription>אבזרי מטבח          </ManufacturerItemDescription>
      <UnitQty>Unknown</UnitQty>
      <Quantity>0.00</Quantity>
      <bIsWeighted>0</bIsWeighted>
      <UnitOfMeasure>Unknown</UnitOfMeasure>
      <QtyInPackage>1</QtyInPackage>
      <ItemPrice>15.90</ItemPrice>
      <UnitOfMeasurePrice>15.90</UnitOfMeasurePrice>
      <AllowDiscount>1</AllowDiscount>
      <ItemStatus>1</ItemStatus>
    </Item>
    <Item>
      <PriceUpdateDate>2021-01-20 21:12</PriceUpdateDate>
      <ItemCode>7290100573716</ItemCode>
      <ItemType>1</ItemType>
      <ItemName>אביזרי מטבח</ItemName>
      <ManufacturerName>לא ידוע</ManufacturerName>
      <ManufactureCountry>לא ידוע</ManufactureCountry>
      <ManufacturerItemDescription>אביזרי מטבח         </ManufacturerItemDescription>
      <UnitQty>Unknown</UnitQty>
      <Quantity>0.00</Quantity>
      <bIsWeighted>0</bIsWeighted>
      <UnitOfMeasure>Unknown</UnitOfMeasure>
      <QtyInPackage>1</QtyInPackage>
      <ItemPrice>14.90</ItemPrice>
      <UnitOfMeasurePrice>14.90</UnitOfMeasurePrice>
      <AllowDiscount>1</AllowDiscount>
      <ItemStatus>1</ItemStatus>
    </Item>
    <Item>
      <PriceUpdateDate>2021-01-20 21:12</PriceUpdateDate>
      <ItemCode>7290100575086</ItemCode>
      <ItemType>1</ItemType>
      <ItemName>אבזרי מטבח</ItemName>
      <ManufacturerName>לא ידוע</ManufacturerName>
      <ManufactureCountry>לא ידוע</ManufactureCountry>
      <ManufacturerItemDescription>אבזרי מטבח          </ManufacturerItemDescription>
      <UnitQty>Unknown</UnitQty>
      <Quantity>0.00</Quantity>
      <bIsWeighted>0</bIsWeighted>
      <UnitOfMeasure>Unknown</UnitOfMeasure>
      <QtyInPackage>1</QtyInPackage>
      <ItemPrice>6.90</ItemPrice>
      <UnitOfMeasurePrice>6.90</UnitOfMeasurePrice>
      <AllowDiscount>1</AllowDiscount>
      <ItemStatus>1</ItemStatus>
    </Item>
    <Item>
      <PriceUpdateDate>2025-06-06 05:57</PriceUpdateDate>
      <ItemCode>7290100680650</ItemCode>
      <ItemType>1</ItemType>
      <ItemName>מנה חמה נודלס טעם ירקות תילאנדי 70 גרם</ItemName>
      <ManufacturerName>לא ידוע</ManufacturerName>
      <ManufactureCountry>לא ידוע</ManufactureCountry>
      <ManufacturerItemDescription>מנה חמה נודלס טעם יר</ManufacturerItemDescription>
      <UnitQty>גרמים</UnitQty>
      <Quantity>70.00</Quantity>
      <bIsWeighted>0</bIsWeighted>
      <UnitOfMeasure>100 גרם</UnitOfMeasure>
      <QtyInPackage>1</QtyInPackage>
      <ItemPrice>9.50</ItemPrice>
      <UnitOfMeasurePrice>13.57</UnitOfMeasurePrice>
      <AllowDiscount>1</AllowDiscount>
      <ItemStatus>1</ItemStatus>
    </Item>
    <Item>
      <PriceUpdateDate>2025-06-06 05:55</PriceUpdateDate>
      <ItemCode>7290100680667</ItemCode>
      <ItemType>1</ItemType>
      <ItemName>מנה חמה נודלס טעם סיצואן 76 גרם</ItemName>
      <ManufacturerName>לא ידוע</ManufacturerName>
      <ManufactureCountry>לא ידוע</ManufactureCountry>
      <ManufacturerItemDescription>מנה חמה נודלס טעם סי</ManufacturerItemDescription>
      <UnitQty>גרמים</UnitQty>
      <Quantity>76.00</Quantity>
      <bIsWeighted>0</bIsWeighted>
      <UnitOfMeasure>100 גרם</UnitOfMeasure>
      <QtyInPackage>1</QtyInPackage>
      <ItemPrice>9.50</ItemPrice>
      <UnitOfMeasurePrice>12.50</UnitOfMeasurePrice>
      <AllowDiscount>1</AllowDiscount>
      <ItemStatus>1</ItemStatus>
    </Item>
    <Item>
      <PriceUpdateDate>2025-06-06 05:55</PriceUpdateDate>
      <ItemCode>7290100680711</ItemCode>
      <ItemType>1</ItemType>
      <ItemName>פירורית זהב 350 גרם</ItemName>
      <ManufacturerName>לא ידוע</ManufacturerName>
      <ManufactureCountry>לא ידוע</ManufactureCountry>
      <ManufacturerItemDescription>פירורית זהב 350 גרם </ManufacturerItemDescription>
      <UnitQty>גרמים</UnitQty>
      <Quantity>350.00</Quantity>
      <bIsWeighted>0</bIsWeighted>
      <UnitOfMeasure>100 גרם</UnitOfMeasure>
      <QtyInPackage>1</QtyInPackage>
      <ItemPrice>11.90</ItemPrice>
      <UnitOfMeasurePrice>3.40</UnitOfMeasurePrice>
      <AllowDiscount>1</AllowDiscount>
      <ItemStatus>1</ItemStatus>
    </Item>
    <Item>
      <PriceUpdateDate>2025-06-06 05:57</PriceUpdateDate>
      <ItemCode>7290100680728</ItemCode>
      <ItemType>1</ItemType>
      <ItemName>פירורית 350 גרם</ItemName>
      <ManufacturerName>לא ידוע</ManufacturerName>
      <ManufactureCountry>לא ידוע</ManufactureCountry>
      <ManufacturerItemDescription>פירורית 350 גרם     </ManufacturerItemDescription>
      <UnitQty>גרמים</UnitQty>
      <Quantity>350.00</Quantity>
      <bIsWeighted>0</bIsWeighted>
      <UnitOfMeasure>100 גרם</UnitOfMeasure>
      <QtyInPackage>1</QtyInPackage>
      <ItemPrice>10.50</ItemPrice>
      <UnitOfMeasurePrice>3.00</UnitOfMeasurePrice>
      <AllowDiscount>1</AllowDiscount>
      <ItemStatus>1</ItemStatus>
    </Item>
    <Item>
      <PriceUpdateDate>2025-06-06 05:57</PriceUpdateDate>
      <ItemCode>7290100685334</ItemCode>
      <ItemType>1</ItemType>
      <ItemName>מרק עוף אמיתי מרכיבים טבעיים 400 גרם</ItemName>
      <ManufacturerName>לא ידוע</ManufacturerName>
      <ManufactureCountry>לא ידוע</ManufactureCountry>
      <ManufacturerItemDescription>מרק עוף אמיתי מרכיבי</ManufacturerItemDescription>
      <UnitQty>גרמים</UnitQty>
      <Quantity>400.00</Quantity>
      <bIsWeighted>0</bIsWeighted>
      <UnitOfMeasure>100 גרם</UnitOfMeasure>
      <QtyInPackage>1</QtyInPackage>
      <ItemPrice>34.90</ItemPrice>
      <UnitOfMeasurePrice>8.73</UnitOfMeasurePrice>
      <AllowDiscount>1</AllowDiscount>
      <ItemStatus>1</ItemStatus>
    </Item>
    <Item>
      <PriceUpdateDate>2025-06-06 05:57</PriceUpdateDate>
      <ItemCode>7290100685341</ItemCode>
      <ItemType>1</ItemType>
      <ItemName>מרק תיבול טעם עוף זך רכיבים טיבעיים 400</ItemName>
      <ManufacturerName>לא ידוע</ManufacturerName>
      <ManufactureCountry>לא ידוע</ManufactureCountry>
      <ManufacturerItemDescription>מרק תיבול טעם עוף זך</ManufacturerItemDescription>
      <UnitQty>גרמים</UnitQty>
      <Quantity>400.00</Quantity>
      <bIsWeighted>0</bIsWeighted>
      <UnitOfMeasure>100 גרם</UnitOfMeasure>
      <QtyInPackage>1</QtyInPackage>
      <ItemPrice>25.90</ItemPrice>
      <UnitOfMeasurePrice>6.48</UnitOfMeasurePrice>
      <AllowDiscount>1</AllowDiscount>
      <ItemStatus>1</ItemStatus>
    </Item>
    <Item>
      <PriceUpdateDate>2025-06-06 05:57</PriceUpdateDate>
      <ItemCode>7290100687109</ItemCode>
      <ItemType>1</ItemType>
      <ItemName>במבה במילוי נוגת 60 גרם</ItemName>
      <ManufacturerName>לא ידוע</ManufacturerName>
      <ManufactureCountry>לא ידוע</ManufactureCountry>
      <ManufacturerItemDescription>במבה במילוי נוגת 60 </ManufacturerItemDescription>
      <UnitQty>גרמים</UnitQty>
      <Quantity>60.00</Quantity>
      <bIsWeighted>0</bIsWeighted>
      <UnitOfMeasure>100 גרם</UnitOfMeasure>
      <QtyInPackage>1</QtyInPackage>
      <ItemPrice>6.40</ItemPrice>
      <UnitOfMeasurePrice>10.67</UnitOfMeasurePrice>
      <AllowDiscount>1</AllowDiscount>
      <ItemStatus>1</ItemStatus>
    </Item>
    <Item>
      <PriceUpdateDate>2025-06-06 05:55</PriceUpdateDate>
      <ItemCode>7290100689301</ItemCode>
      <ItemType>1</ItemType>
      <ItemName>מרק טעם עוף זך עדיף  400 גרם</ItemName>
      <ManufacturerName>לא ידוע</ManufacturerName>
      <ManufactureCountry>לא ידוע</ManufactureCountry>
      <ManufacturerItemDescription>מרק טעם עוף זך עדיף </ManufacturerItemDescription>
      <UnitQty>גרמים</UnitQty>
      <Quantity>400.00</Quantity>
      <bIsWeighted>0</bIsWeighted>
      <UnitOfMeasure>100 גרם</UnitOfMeasure>
      <QtyInPackage>1</QtyInPackage>
      <ItemPrice>24.90</ItemPrice>
      <UnitOfMeasurePrice>6.23</UnitOfMeasurePrice>
      <AllowDiscount>1</AllowDiscount>
      <ItemStatus>1</ItemStatus>
    </Item>
    <Item>
      <PriceUpdateDate>2025-05-23 08:04</PriceUpdateDate>
      <ItemCode>7290100700020</ItemCode>
      <ItemType>1</ItemType>
      <ItemName>גריסי פנינה 500 גרם</ItemName>
      <ManufacturerName>לא ידוע</ManufacturerName>
      <ManufactureCountry>לא ידוע</ManufactureCountry>
      <ManufacturerItemDescription>גריסי פנינה 500 גרם </ManufacturerItemDescription>
      <UnitQty>גרמים</UnitQty>
      <Quantity>200.00</Quantity>
      <bIsWeighted>0</bIsWeighted>
      <UnitOfMeasure>100 גרם</UnitOfMeasure>
      <QtyInPackage>1</QtyInPackage>
      <ItemPrice>7.90</ItemPrice>
      <UnitOfMeasurePrice>3.95</UnitOfMeasurePrice>
      <AllowDiscount>1</AllowDiscount>
      <ItemStatus>1</ItemStatus>
    </Item>
    <Item>
      <PriceUpdateDate>2024-11-28 08:35</PriceUpdateDate>
      <ItemCode>7290100700075</ItemCode>
      <ItemType>1</ItemType>
      <ItemName>פירורי לחם מוזהבים 200 גרם</ItemName>
      <ManufacturerName>לא ידוע</ManufacturerName>
      <ManufactureCountry>לא ידוע</ManufactureCountry>
      <ManufacturerItemDescription>פירורי לחם מוזהבים 2</ManufacturerItemDescription>
      <UnitQty>גרמים</UnitQty>
      <Quantity>200.00</Quantity>
      <bIsWeighted>0</bIsWeighted>
      <UnitOfMeasure>100 גרם</UnitOfMeasure>
      <QtyInPackage>1</QtyInPackage>
      <ItemPrice>4.60</ItemPrice>
      <UnitOfMeasurePrice>2.30</UnitOfMeasurePrice>
      <AllowDiscount>1</AllowDiscount>
      <ItemStatus>1</ItemStatus>
    </Item>
    <Item>
      <PriceUpdateDate>2024-11-28 08:35</PriceUpdateDate>
      <ItemCode>7290100700266</ItemCode>
      <ItemType>1</ItemType>
      <ItemName>פירורי לחם לבנים 200 גרם</ItemName>
      <ManufacturerName>לא ידוע</ManufacturerName>
      <ManufactureCountry>לא ידוע</ManufactureCountry>
      <ManufacturerItemDescription>פירורי לחם לבנים 200</ManufacturerItemDescription>
      <UnitQty>גרמים</UnitQty>
      <Quantity>200.00</Quantity>
      <bIsWeighted>0</bIsWeighted>
      <UnitOfMeasure>100 גרם</UnitOfMeasure>
      <QtyInPackage>1</QtyInPackage>
      <ItemPrice>4.60</ItemPrice>
      <UnitOfMeasurePrice>2.30</UnitOfMeasurePrice>
      <AllowDiscount>1</AllowDiscount>
      <ItemStatus>1</ItemStatus>
    </Item>
    <Item>
      <PriceUpdateDate>2024-02-04 10:54</PriceUpdateDate>
      <ItemCode>7290100700273</ItemCode>
      <ItemType>1</ItemType>
      <ItemName>קינואה 500 גרם</ItemName>
      <ManufacturerName>לא ידוע</ManufacturerName>
      <ManufactureCountry>לא ידוע</ManufactureCountry>
      <ManufacturerItemDescription>קינואה 500 גרם      </ManufacturerItemDescription>
      <UnitQty>גרמים</UnitQty>
      <Quantity>500.00</Quantity>
      <bIsWeighted>0</bIsWeighted>
      <UnitOfMeasure>100 גרם</UnitOfMeasure>
      <QtyInPackage>1</QtyInPackage>
      <ItemPrice>18.90</ItemPrice>
      <UnitOfMeasurePrice>3.78</UnitOfMeasurePrice>
      <AllowDiscount>1</AllowDiscount>
      <ItemStatus>1</ItemStatus>
    </Item>
    <Item>
      <PriceUpdateDate>2025-09-05 09:14</PriceUpdateDate>
      <ItemCode>7290100700310</ItemCode>
      <ItemType>1</ItemType>
      <ItemName>כוסמת 1 קג</ItemName>
      <ManufacturerName>לא ידוע</ManufacturerName>
      <ManufactureCountry>לא ידוע</ManufactureCountry>
      <ManufacturerItemDescription>כוסמת 1 ק"ג         </ManufacturerItemDescription>
      <UnitQty>גרמים</UnitQty>
      <Quantity>1000.00</Quantity>
      <bIsWeighted>0</bIsWeighted>
      <UnitOfMeasure>100 גרם</UnitOfMeasure>
      <QtyInPackage>1</QtyInPackage>
      <ItemPrice>18.90</ItemPrice>
      <UnitOfMeasurePrice>1.89</UnitOfMeasurePrice>
      <AllowDiscount>1</AllowDiscount>
      <ItemStatus>1</ItemStatus>
    </Item>
    <Item>
      <PriceUpdateDate>2025-03-25 07:01</PriceUpdateDate>
      <ItemCode>7290100700372</ItemCode>
      <ItemType>1</ItemType>
      <ItemName>אורז בסמטי מלא 1 קג</ItemName>
      <ManufacturerName>לא ידוע</ManufacturerName>
      <ManufactureCountry>לא ידוע</ManufactureCountry>
      <ManufacturerItemDescription>אורז בסמטי מלא 1 ק"ג</ManufacturerItemDescription>
      <UnitQty>גרמים</UnitQty>
      <Quantity>1000.00</Quantity>
      <bIsWeighted>0</bIsWeighted>
      <UnitOfMeasure>100 גרם</UnitOfMeasure>
      <QtyInPackage>1</QtyInPackage>
      <ItemPrice>18.50</ItemPrice>
      <UnitOfMeasurePrice>1.85</UnitOfMeasurePrice>
      <AllowDiscount>1</AllowDiscount>
      <ItemStatus>1</ItemStatus>
    </Item>
    <Item>
      <PriceUpdateDate>2025-08-13 14:50</PriceUpdateDate>
      <ItemCode>7290100700396</ItemCode>
      <ItemType>1</ItemType>
      <ItemName>אורז יסמין קלאסי 1 קג</ItemName>
      <ManufacturerName>לא ידוע</ManufacturerName>
      <ManufactureCountry>לא ידוע</ManufactureCountry>
      <ManufacturerItemDescription>אורז יסמין קלאסי 1 ק</ManufacturerItemDescription>
      <UnitQty>גרמים</UnitQty>
      <Quantity>1000.00</Quantity>
      <bIsWeighted>0</bIsWeighted>
      <UnitOfMeasure>100 גרם</UnitOfMeasure>
      <QtyInPackage>1</QtyInPackage>
      <ItemPrice>13.90</ItemPrice>
      <UnitOfMeasurePrice>1.39</UnitOfMeasurePrice>
      <AllowDiscount>1</AllowDiscount>
      <ItemStatus>1</ItemStatus>
    </Item>
    <Item>
      <PriceUpdateDate>2024-09-11 09:38</PriceUpdateDate>
      <ItemCode>7290100700402</ItemCode>
      <ItemType>1</ItemType>
      <ItemName>חומוס ענק 1 ק"ג</ItemName>
      <ManufacturerName>לא ידוע</ManufacturerName>
      <ManufactureCountry>לא ידוע</ManufactureCountry>
      <ManufacturerItemDescription>חומוס ענק 1 ק"ג     </ManufacturerItemDescription>
      <UnitQty>גרמים</UnitQty>
      <Quantity>1000.00</Quantity>
      <bIsWeighted>0</bIsWeighted>
      <UnitOfMeasure>100 גרם</UnitOfMeasure>
      <QtyInPackage>1</QtyInPackage>
      <ItemPrice>19.90</ItemPrice>
      <UnitOfMeasurePrice>1.99</UnitOfMeasurePrice>
      <AllowDiscount>1</AllowDiscount>
      <ItemStatus>1</ItemStatus>
    </Item>
    <Item>
      <PriceUpdateDate>2025-05-23 08:04</PriceUpdateDate>
      <ItemCode>7290100700587</ItemCode>
      <ItemType>1</ItemType>
      <ItemName>בורגול 500 גרם</ItemName>
      <ManufacturerName>לא ידוע</ManufacturerName>
      <ManufactureCountry>לא ידוע</ManufactureCountry>
      <ManufacturerItemDescription>בורגול 500 גרם      </ManufacturerItemDescription>
      <UnitQty>גרמים</UnitQty>
      <Quantity>500.00</Quantity>
      <bIsWeighted>0</bIsWeighted>
      <UnitOfMeasure>100 גרם</UnitOfMeasure>
      <QtyInPackage>1</QtyInPackage>
      <ItemPrice>7.50</ItemPrice>
      <UnitOfMeasurePrice>1.50</UnitOfMeasurePrice>
      <AllowDiscount>1</AllowDiscount>
      <ItemStatus>1</ItemStatus>
    </Item>
    <Item>
      <PriceUpdateDate>2025-03-25 07:01</PriceUpdateDate>
      <ItemCode>7290100701126</ItemCode>
      <ItemType>1</ItemType>
      <ItemName>שעועית מש 500 גר</ItemName>
      <ManufacturerName>לא ידוע</ManufacturerName>
      <ManufactureCountry>לא ידוע</ManufactureCountry>
      <ManufacturerItemDescription>שעועית מש 500 גרם   </ManufacturerItemDescription>
      <UnitQty>גרמים</UnitQty>
      <Quantity>500.00</Quantity>
      <bIsWeighted>0</bIsWeighted>
      <UnitOfMeasure>100 גרם</UnitOfMeasure>
      <QtyInPackage>1</QtyInPackage>
      <ItemPrice>15.50</ItemPrice>
      <UnitOfMeasurePrice>3.10</UnitOfMeasurePrice>
      <AllowDiscount>1</AllowDiscount>
      <ItemStatus>1</ItemStatus>
    </Item>
    <Item>
      <PriceUpdateDate>2022-06-26 14:30</PriceUpdateDate>
      <ItemCode>7290100701157</ItemCode>
      <ItemType>1</ItemType>
      <ItemName>אורז סושי 1 קג</ItemName>
      <ManufacturerName>לא ידוע</ManufacturerName>
      <ManufactureCountry>לא ידוע</ManufactureCountry>
      <ManufacturerItemDescription>אורז סושי 1 ק"ג     </ManufacturerItemDescription>
      <UnitQty>גרמים</UnitQty>
      <Quantity>1000.00</Quantity>
      <bIsWeighted>0</bIsWeighted>
      <UnitOfMeasure>100 גרם</UnitOfMeasure>
      <QtyInPackage>1</QtyInPackage>
      <ItemPrice>15.50</ItemPrice>
      <UnitOfMeasurePrice>1.55</UnitOfMeasurePrice>
      <AllowDiscount>1</AllowDiscount>
      <ItemStatus>1</ItemStatus>
    </Item>
    <Item>
      <PriceUpdateDate>2025-05-23 08:05</PriceUpdateDate>
      <ItemCode>7290100701300</ItemCode>
      <ItemType>1</ItemType>
      <ItemName>קינואה אדומה 500 גר סוגת</ItemName>
      <ManufacturerName>לא ידוע</ManufacturerName>
      <ManufactureCountry>לא ידוע</ManufactureCountry>
      <ManufacturerItemDescription>קינואה אדומה 500 גר </ManufacturerItemDescription>
      <UnitQty>גרמים</UnitQty>
      <Quantity>500.00</Quantity>
      <bIsWeighted>0</bIsWeighted>
      <UnitOfMeasure>100 גרם</UnitOfMeasure>
      <QtyInPackage>1</QtyInPackage>
      <ItemPrice>20.90</ItemPrice>
      <UnitOfMeasurePrice>4.18</UnitOfMeasurePrice>
      <AllowDiscount>1</AllowDiscount>
      <ItemStatus>1</ItemStatus>
    </Item>
    <Item>
      <PriceUpdateDate>2023-02-06 14:00</PriceUpdateDate>
      <ItemCode>7290100701331</ItemCode>
      <ItemType>1</ItemType>
      <ItemName>קמח רב תכליתי 1 ק"ג סוגת</ItemName>
      <ManufacturerName>לא ידוע</ManufacturerName>
      <ManufactureCountry>לא ידוע</ManufactureCountry>
      <ManufacturerItemDescription>קמח רב תכליתי 1 ק"ג </ManufacturerItemDescription>
      <UnitQty>גרמים</UnitQty>
      <Quantity>1000.00</Quantity>
      <bIsWeighted>0</bIsWeighted>
      <UnitOfMeasure>100 גרם</UnitOfMeasure>
      <QtyInPackage>1</QtyInPackage>
      <ItemPrice>8.90</ItemPrice>
      <UnitOfMeasurePrice>0.89</UnitOfMeasurePrice>
      <AllowDiscount>1</AllowDiscount>
      <ItemStatus>1</ItemStatus>
    </Item>
    <Item>
      <PriceUpdateDate>2023-02-06 14:00</PriceUpdateDate>
      <ItemCode>7290100701577</ItemCode>
      <ItemType>1</ItemType>
      <ItemName>קמח לחם 1 ק"ג סוגת</ItemName>
      <ManufacturerName>לא ידוע</ManufacturerName>
      <ManufactureCountry>לא ידוע</ManufactureCountry>
      <ManufacturerItemDescription>קמח לחם 1 ק"ג סוגת  </ManufacturerItemDescription>
      <UnitQty>גרמים</UnitQty>
      <Quantity>1000.00</Quantity>
      <bIsWeighted>0</bIsWeighted>
      <UnitOfMeasure>100 גרם</UnitOfMeasure>
      <QtyInPackage>1</QtyInPackage>
      <ItemPrice>8.90</ItemPrice>
      <UnitOfMeasurePrice>0.89</UnitOfMeasurePrice>
      <AllowDiscount>1</AllowDiscount>
      <ItemStatus>1</ItemStatus>
    </Item>
    <Item>
      <PriceUpdateDate>2023-02-06 14:00</PriceUpdateDate>
      <ItemCode>7290100701881</ItemCode>
      <ItemType>1</ItemType>
      <ItemName>קמח פיצה ופוקצה 1 ק"ג סוגת</ItemName>
      <ManufacturerName>לא ידוע</ManufacturerName>
      <ManufactureCountry>לא ידוע</ManufactureCountry>
      <ManufacturerItemDescription>קמח פיצה ופוקצה 1 ק"</ManufacturerItemDescription>
      <UnitQty>גרמים</UnitQty>
      <Quantity>1000.00</Quantity>
      <bIsWeighted>0</bIsWeighted>
      <UnitOfMeasure>100 גרם</UnitOfMeasure>
      <QtyInPackage>1</QtyInPackage>
      <ItemPrice>8.90</ItemPrice>
      <UnitOfMeasurePrice>0.89</UnitOfMeasurePrice>
      <AllowDiscount>1</AllowDiscount>
      <ItemStatus>1</ItemStatus>
    </Item>
    <Item>
      <PriceUpdateDate>2023-02-06 14:00</PriceUpdateDate>
      <ItemCode>7290100702383</ItemCode>
      <ItemType>1</ItemType>
      <ItemName>קמח תופח 1 ק"ג סוגת</ItemName>
      <ManufacturerName>לא ידוע</ManufacturerName>
      <ManufactureCountry>לא ידוע</ManufactureCountry>
      <ManufacturerItemDescription>קמח תופח 1 ק"ג סוגת </ManufacturerItemDescription>
      <UnitQty>גרמים</UnitQty>
      <Quantity>1000.00</Quantity>
      <bIsWeighted>0</bIsWeighted>
      <UnitOfMeasure>100 גרם</UnitOfMeasure>
      <QtyInPackage>1</QtyInPackage>
      <ItemPrice>8.90</ItemPrice>
      <UnitOfMeasurePrice>0.89</UnitOfMeasurePrice>
      <AllowDiscount>1</AllowDiscount>
      <ItemStatus>1</ItemStatus>
    </Item>
    <Item>
      <PriceUpdateDate>2025-08-31 14:45</PriceUpdateDate>
      <ItemCode>7290100702741</ItemCode>
      <ItemType>1</ItemType>
      <ItemName>סוכר חום בהיר 1 קג בצנצנת</ItemName>
      <ManufacturerName>לא ידוע</ManufacturerName>
      <ManufactureCountry>לא ידוע</ManufactureCountry>
      <ManufacturerItemDescription>סוכר חום בהיר 1 ק"ג </ManufacturerItemDescription>
      <UnitQty>גרמים</UnitQty>
      <Quantity>1000.00</Quantity>
      <bIsWeighted>0</bIsWeighted>
      <UnitOfMeasure>100 גרם</UnitOfMeasure>
      <QtyInPackage>1</QtyInPackage>
      <ItemPrice>16.90</ItemPrice>
      <UnitOfMeasurePrice>1.69</UnitOfMeasurePrice>
      <AllowDiscount>1</AllowDiscount>
      <ItemStatus>1</ItemStatus>
    </Item>
    <Item>
      <PriceUpdateDate>2024-11-28 08:35</PriceUpdateDate>
      <ItemCode>7290100702987</ItemCode>
      <ItemType>1</ItemType>
      <ItemName>שיבולת שועל 500 גרם סוגת</ItemName>
      <ManufacturerName>לא ידוע</ManufacturerName>
      <ManufactureCountry>לא ידוע</ManufactureCountry>
      <ManufacturerItemDescription>שיבולת שועל 500 גרם </ManufacturerItemDescription>
      <UnitQty>גרמים</UnitQty>
      <Quantity>500.00</Quantity>
      <bIsWeighted>0</bIsWeighted>
      <UnitOfMeasure>100 גרם</UnitOfMeasure>
      <QtyInPackage>1</QtyInPackage>
      <ItemPrice>7.90</ItemPrice>
      <UnitOfMeasurePrice>1.58</UnitOfMeasurePrice>
      <AllowDiscount>1</AllowDiscount>
      <ItemStatus>1</ItemStatus>
    </Item>
    <Item>
      <PriceUpdateDate>2025-05-23 08:05</PriceUpdateDate>
      <ItemCode>7290100702994</ItemCode>
      <ItemType>1</ItemType>
      <ItemName>סוכר דמררה קלאסי בשקית 500 גר סוגת</ItemName>
      <ManufacturerName>לא ידוע</ManufacturerName>
      <ManufactureCountry>לא ידוע</ManufactureCountry>
      <ManufacturerItemDescription>סוכר דמררה קלאסי בשק</ManufacturerItemDescription>
      <UnitQty>גרמים</UnitQty>
      <Quantity>500.00</Quantity>
      <bIsWeighted>0</bIsWeighted>
      <UnitOfMeasure>100 גרם</UnitOfMeasure>
      <QtyInPackage>1</QtyInPackage>
      <ItemPrice>8.90</ItemPrice>
      <UnitOfMeasurePrice>1.78</UnitOfMeasurePrice>
      <AllowDiscount>1</AllowDiscount>
      <ItemStatus>1</ItemStatus>
    </Item>
    <Item>
      <PriceUpdateDate>2025-03-25 07:01</PriceUpdateDate>
      <ItemCode>7290100703007</ItemCode>
      <ItemType>1</ItemType>
      <ItemName>עדשים שחורות בלוגה 500 גר</ItemName>
      <ManufacturerName>לא ידוע</ManufacturerName>
      <ManufactureCountry>לא ידוע</ManufactureCountry>
      <ManufacturerItemDescription>עדשים שחורות בלוגה 5</ManufacturerItemDescription>
      <UnitQty>גרמים</UnitQty>
      <Quantity>500.00</Quantity>
      <bIsWeighted>0</bIsWeighted>
      <UnitOfMeasure>100 גרם</UnitOfMeasure>
      <QtyInPackage>1</QtyInPackage>
      <ItemPrice>12.10</ItemPrice>
      <UnitOfMeasurePrice>2.42</UnitOfMeasurePrice>
      <AllowDiscount>1</AllowDiscount>
      <ItemStatus>1</ItemStatus>
    </Item>
    <Item>
      <PriceUpdateDate>2024-11-25 13:33</PriceUpdateDate>
      <ItemCode>7290100703533</ItemCode>
      <ItemType>1</ItemType>
      <ItemName>קמח קסם 1 ק"ג</ItemName>
      <ManufacturerName>לא ידוע</ManufacturerName>
      <ManufactureCountry>לא ידוע</ManufactureCountry>
      <ManufacturerItemDescription>קמח קסם 1 ק"ג       </ManufacturerItemDescription>
      <UnitQty>גרמים</UnitQty>
      <Quantity>1000.00</Quantity>
      <bIsWeighted>0</bIsWeighted>
      <UnitOfMeasure>100 גרם</UnitOfMeasure>
      <QtyInPackage>1</QtyInPackage>
      <ItemPrice>12.50</ItemPrice>
      <UnitOfMeasurePrice>1.25</UnitOfMeasurePrice>
      <AllowDiscount>1</AllowDiscount>
      <ItemStatus>1</ItemStatus>
    </Item>
    <Item>
      <PriceUpdateDate>2024-11-28 08:35</PriceUpdateDate>
      <ItemCode>7290100703564</ItemCode>
      <ItemType>1</ItemType>
      <ItemName>שיבולת שועל עבה 500 גרם סוגת</ItemName>
      <ManufacturerName>לא ידוע</ManufacturerName>
      <ManufactureCountry>לא ידוע</ManufactureCountry>
      <ManufacturerItemDescription>שיבולת שועל עבה 500 </ManufacturerItemDescription>
      <UnitQty>גרמים</UnitQty>
      <Quantity>500.00</Quantity>
      <bIsWeighted>0</bIsWeighted>
      <UnitOfMeasure>100 גרם</UnitOfMeasure>
      <QtyInPackage>1</QtyInPackage>
      <ItemPrice>7.90</ItemPrice>
      <UnitOfMeasurePrice>1.58</UnitOfMeasurePrice>
      <AllowDiscount>1</AllowDiscount>
      <ItemStatus>1</ItemStatus>
    </Item>
    <Item>
      <PriceUpdateDate>2025-09-05 09:14</PriceUpdateDate>
      <ItemCode>7290100703625</ItemCode>
      <ItemType>1</ItemType>
      <ItemName>קמח לבן ללא ניפוי 1 ק"ג</ItemName>
      <ManufacturerName>לא ידוע</ManufacturerName>
      <ManufactureCountry>לא ידוע</ManufactureCountry>
      <ManufacturerItemDescription>קמח לבן ללא ניפוי 1 </ManufacturerItemDescription>
      <UnitQty>גרמים</UnitQty>
      <Quantity>1000.00</Quantity>
      <bIsWeighted>0</bIsWeighted>
      <UnitOfMeasure>100 גרם</UnitOfMeasure>
      <QtyInPackage>1</QtyInPackage>
      <ItemPrice>9.90</ItemPrice>
      <UnitOfMeasurePrice>0.99</UnitOfMeasurePrice>
      <AllowDiscount>1</AllowDiscount>
      <ItemStatus>1</ItemStatus>
    </Item>
    <Item>
      <PriceUpdateDate>2025-08-31 14:44</PriceUpdateDate>
      <ItemCode>7290100703670</ItemCode>
      <ItemType>1</ItemType>
      <ItemName>קמח כוסמין מלא ללא ניפוי 1 קג</ItemName>
      <ManufacturerName>לא ידוע</ManufacturerName>
      <ManufactureCountry>לא ידוע</ManufactureCountry>
      <ManufacturerItemDescription>קמח כוסמין מלא ללא נ</ManufacturerItemDescription>
      <UnitQty>גרמים</UnitQty>
      <Quantity>1000.00</Quantity>
      <bIsWeighted>0</bIsWeighted>
      <UnitOfMeasure>100 גרם</UnitOfMeasure>
      <QtyInPackage>1</QtyInPackage>
      <ItemPrice>15.90</ItemPrice>
      <UnitOfMeasurePrice>1.59</UnitOfMeasurePrice>
      <AllowDiscount>1</AllowDiscount>
      <ItemStatus>1</ItemStatus>
    </Item>
    <Item>
      <PriceUpdateDate>2025-09-05 09:13</PriceUpdateDate>
      <ItemCode>7290100703861</ItemCode>
      <ItemType>1</ItemType>
      <ItemName>תערובת קמח קסם לחלה 1 ק"ג</ItemName>
      <ManufacturerName>לא ידוע</ManufacturerName>
      <ManufactureCountry>לא ידוע</ManufactureCountry>
      <ManufacturerItemDescription>תערובת קמח קסם לחלה </ManufacturerItemDescription>
      <UnitQty>גרמים</UnitQty>
      <Quantity>1000.00</Quantity>
      <bIsWeighted>0</bIsWeighted>
      <UnitOfMeasure>100 גרם</UnitOfMeasure>
      <QtyInPackage>1</QtyInPackage>
      <ItemPrice>12.50</ItemPrice>
      <UnitOfMeasurePrice>1.25</UnitOfMeasurePrice>
      <AllowDiscount>1</AllowDiscount>
      <ItemStatus>1</ItemStatus>
    </Item>
    <Item>
      <PriceUpdateDate>2024-11-28 08:35</PriceUpdateDate>
      <ItemCode>7290100704493</ItemCode>
      <ItemType>1</ItemType>
      <ItemName>קמח שמרים פיצה ללא צורך בניפוי 1 ק"ג</ItemName>
      <ManufacturerName>לא ידוע</ManufacturerName>
      <ManufactureCountry>לא ידוע</ManufactureCountry>
      <ManufacturerItemDescription>קמח שמרים פיצה ללא צ</ManufacturerItemDescription>
      <UnitQty>גרמים</UnitQty>
      <Quantity>1000.00</Quantity>
      <bIsWeighted>0</bIsWeighted>
      <UnitOfMeasure>100 גרם</UnitOfMeasure>
      <QtyInPackage>1</QtyInPackage>
      <ItemPrice>12.50</ItemPrice>
      <UnitOfMeasurePrice>1.25</UnitOfMeasurePrice>
      <AllowDiscount>1</AllowDiscount>
      <ItemStatus>1</ItemStatus>
    </Item>
    <Item>
      <PriceUpdateDate>2025-08-31 14:46</PriceUpdateDate>
      <ItemCode>7290100704530</ItemCode>
      <ItemType>1</ItemType>
      <ItemName>קמח כוסמין לבן ללא ניפוי סוגת 1 ק"ג</ItemName>
      <ManufacturerName>לא ידוע</ManufacturerName>
      <ManufactureCountry>לא ידוע</ManufactureCountry>
      <ManufacturerItemDescription>קמח כוסמין לבן ללא נ</ManufacturerItemDescription>
      <UnitQty>גרמים</UnitQty>
      <Quantity>1000.00</Quantity>
      <bIsWeighted>0</bIsWeighted>
      <UnitOfMeasure>100 גרם</UnitOfMeasure>
      <QtyInPackage>1</QtyInPackage>
      <ItemPrice>15.90</ItemPrice>
      <UnitOfMeasurePrice>1.59</UnitOfMeasurePrice>
      <AllowDiscount>1</AllowDiscount>
      <ItemStatus>1</ItemStatus>
    </Item>
    <Item>
      <PriceUpdateDate>2025-05-23 08:04</PriceUpdateDate>
      <ItemCode>7290100704752</ItemCode>
      <ItemType>1</ItemType>
      <ItemName>אורז ריזוטו 500 גרם</ItemName>
      <ManufacturerName>לא ידוע</ManufacturerName>
      <ManufactureCountry>לא ידוע</ManufactureCountry>
      <ManufacturerItemDescription>אורז ריזוטו 500 גרם </ManufacturerItemDescription>
      <UnitQty>קילוגרמים</UnitQty>
      <Quantity>0.50</Quantity>
      <bIsWeighted>0</bIsWeighted>
      <UnitOfMeasure>ק"ג</UnitOfMeasure>
      <QtyInPackage>1</QtyInPackage>
      <ItemPrice>11.90</ItemPrice>
      <UnitOfMeasurePrice>23.80</UnitOfMeasurePrice>
      <AllowDiscount>1</AllowDiscount>
      <ItemStatus>1</ItemStatus>
    </Item>
    <Item>
      <PriceUpdateDate>2025-03-25 07:01</PriceUpdateDate>
      <ItemCode>7290100704837</ItemCode>
      <ItemType>1</ItemType>
      <ItemName>שעועית לבנה 500 גרם</ItemName>
      <ManufacturerName>לא ידוע</ManufacturerName>
      <ManufactureCountry>לא ידוע</ManufactureCountry>
      <ManufacturerItemDescription>שעועית לבנה 500 גרם </ManufacturerItemDescription>
      <UnitQty>גרמים</UnitQty>
      <Quantity>500.00</Quantity>
      <bIsWeighted>0</bIsWeighted>
      <UnitOfMeasure>100 גרם</UnitOfMeasure>
      <QtyInPackage>1</QtyInPackage>
      <ItemPrice>14.50</ItemPrice>
      <UnitOfMeasurePrice>2.90</UnitOfMeasurePrice>
      <AllowDiscount>1</AllowDiscount>
      <ItemStatus>1</ItemStatus>
    </Item>
    <Item>
      <PriceUpdateDate>2024-12-04 17:02</PriceUpdateDate>
      <ItemCode>7290100704844</ItemCode>
      <ItemType>1</ItemType>
      <ItemName>גריסי שיבולת שועל 500 גרם</ItemName>
      <ManufacturerName>לא ידוע</ManufacturerName>
      <ManufactureCountry>ישראל</ManufactureCountry>
      <ManufacturerItemDescription>גריסי שיבולת שועל   </ManufacturerItemDescription>
      <UnitQty>גרמים</UnitQty>
      <Quantity>500.00</Quantity>
      <bIsWeighted>0</bIsWeighted>
      <UnitOfMeasure>100 גרם</UnitOfMeasure>
      <QtyInPackage>1</QtyInPackage>
      <ItemPrice>11.90</ItemPrice>
      <UnitOfMeasurePrice>2.38</UnitOfMeasurePrice>
      <AllowDiscount>1</AllowDiscount>
      <ItemStatus>1</ItemStatus>
    </Item>
    <Item>
      <PriceUpdateDate>2024-10-28 19:38</PriceUpdateDate>
      <ItemCode>7290100704868</ItemCode>
      <ItemType>1</ItemType>
      <ItemName>גרעיני תירס מתוק 400 גרם</ItemName>
      <ManufacturerName>לא ידוע</ManufacturerName>
      <ManufactureCountry>תאילנד</ManufactureCountry>
      <ManufacturerItemDescription>גרעיני תירס מתוק 400</ManufacturerItemDescription>
      <UnitQty>גרמים</UnitQty>
      <Quantity>400.00</Quantity>
      <bIsWeighted>0</bIsWeighted>
      <UnitOfMeasure>100 גרם</UnitOfMeasure>
      <QtyInPackage>1</QtyInPackage>
      <ItemPrice>8.90</ItemPrice>
      <UnitOfMeasurePrice>2.23</UnitOfMeasurePrice>
      <AllowDiscount>1</AllowDiscount>
      <ItemStatus>1</ItemStatus>
    </Item>
    <Item>
      <PriceUpdateDate>2024-10-28 19:38</PriceUpdateDate>
      <ItemCode>7290100704899</ItemCode>
      <ItemType>1</ItemType>
      <ItemName>גרעיני תירס ללא תוספת סוכר 340 גרם</ItemName>
      <ManufacturerName>לא ידוע</ManufacturerName>
      <ManufactureCountry>תאילנד</ManufactureCountry>
      <ManufacturerItemDescription>גרעיני תירס ללא תוספ</ManufacturerItemDescription>
      <UnitQty>גרמים</UnitQty>
      <Quantity>340.00</Quantity>
      <bIsWeighted>0</bIsWeighted>
      <UnitOfMeasure>100 גרם</UnitOfMeasure>
      <QtyInPackage>1</QtyInPackage>
      <ItemPrice>8.90</ItemPrice>
      <UnitOfMeasurePrice>2.62</UnitOfMeasurePrice>
      <AllowDiscount>1</AllowDiscount>
      <ItemStatus>1</ItemStatus>
    </Item>
    <Item>
      <PriceUpdateDate>2024-10-28 19:38</PriceUpdateDate>
      <ItemCode>7290100704905</ItemCode>
      <ItemType>1</ItemType>
      <ItemName>שלישיית גרעיני תירס מתוק 185*3 גרם</ItemName>
      <ManufacturerName>לא ידוע</ManufacturerName>
      <ManufactureCountry>תאילנד</ManufactureCountry>
      <ManufacturerItemDescription>שלישיית גרעיני תירס </ManufacturerItemDescription>
      <UnitQty>גרמים</UnitQty>
      <Quantity>555.00</Quantity>
      <bIsWeighted>0</bIsWeighted>
      <UnitOfMeasure>100 גרם</UnitOfMeasure>
      <QtyInPackage>1</QtyInPackage>
      <ItemPrice>18.90</ItemPrice>
      <UnitOfMeasurePrice>3.41</UnitOfMeasurePrice>
      <AllowDiscount>1</AllowDiscount>
      <ItemStatus>1</ItemStatus>
    </Item>
    <Item>
      <PriceUpdateDate>2024-12-04 17:02</PriceUpdateDate>
      <ItemCode>7290100704936</ItemCode>
      <ItemType>1</ItemType>
      <ItemName>שימורי שעועית לבנה 400 גרם</ItemName>
      <ManufacturerName>לאדוריה</ManufacturerName>
      <ManufactureCountry>איטליה</ManufactureCountry>
      <ManufacturerItemDescription>שימורי שעועית לבנה  </ManufacturerItemDescription>
      <UnitQty>גרמים</UnitQty>
      <Quantity>400.00</Quantity>
      <bIsWeighted>0</bIsWeighted>
      <UnitOfMeasure>100 גרם</UnitOfMeasure>
      <QtyInPackage>1</QtyInPackage>
      <ItemPrice>8.90</ItemPrice>
      <UnitOfMeasurePrice>2.23</UnitOfMeasurePrice>
      <AllowDiscount>1</AllowDiscount>
      <ItemStatus>1</ItemStatus>
    </Item>
    <Item>
      <PriceUpdateDate>2024-12-04 17:02</PriceUpdateDate>
      <ItemCode>7290100704950</ItemCode>
      <ItemType>1</ItemType>
      <ItemName>שימורי שעועית אדומה 400 גרם</ItemName>
      <ManufacturerName>לאדוריה</ManufacturerName>
      <ManufactureCountry>איטליה</ManufactureCountry>
      <ManufacturerItemDescription>שימורי שעועית אדומה </ManufacturerItemDescription>
      <UnitQty>גרמים</UnitQty>
      <Quantity>400.00</Quantity>
      <bIsWeighted>0</bIsWeighted>
      <UnitOfMeasure>100 גרם</UnitOfMeasure>
      <QtyInPackage>1</QtyInPackage>
      <ItemPrice>8.90</ItemPrice>
      <UnitOfMeasurePrice>2.23</UnitOfMeasurePrice>
      <AllowDiscount>1</AllowDiscount>
      <ItemStatus>1</ItemStatus>
    </Item>
    <Item>
      <PriceUpdateDate>2025-01-29 07:01</PriceUpdateDate>
      <ItemCode>7290100850916</ItemCode>
      <ItemType>1</ItemType>
      <ItemName>דוריטוס חמוץ חריף 70 גרם</ItemName>
      <ManufacturerName>לא ידוע</ManufacturerName>
      <ManufactureCountry>לא ידוע</ManufactureCountry>
      <ManufacturerItemDescription>דוריטוס חמוץ חריף 70</ManufacturerItemDescription>
      <UnitQty>גרמים</UnitQty>
      <Quantity>70.00</Quantity>
      <bIsWeighted>0</bIsWeighted>
      <UnitOfMeasure>100 גרם</UnitOfMeasure>
      <QtyInPackage>1</QtyInPackage>
      <ItemPrice>5.50</ItemPrice>
      <UnitOfMeasurePrice>7.86</UnitOfMeasurePrice>
      <AllowDiscount>1</AllowDiscount>
      <ItemStatus>1</ItemStatus>
    </Item>
    <Item>
      <PriceUpdateDate>2025-01-29 07:01</PriceUpdateDate>
      <ItemCode>7290100850923</ItemCode>
      <ItemType>1</ItemType>
      <ItemName>דוריטוס גריל 70 גרם</ItemName>
      <ManufacturerName>לא ידוע</ManufacturerName>
      <ManufactureCountry>לא ידוע</ManufactureCountry>
      <ManufacturerItemDescription>דוריטוס גריל 70 גרם </ManufacturerItemDescription>
      <UnitQty>גרמים</UnitQty>
      <Quantity>70.00</Quantity>
      <bIsWeighted>0</bIsWeighted>
      <UnitOfMeasure>100 גרם</UnitOfMeasure>
      <QtyInPackage>1</QtyInPackage>
      <ItemPrice>5.50</ItemPrice>
      <UnitOfMeasurePrice>7.86</UnitOfMeasurePrice>
      <AllowDiscount>1</AllowDiscount>
      <ItemStatus>1</ItemStatus>
    </Item>
    <Item>
      <PriceUpdateDate>2025-01-29 07:01</PriceUpdateDate>
      <ItemCode>7290100850930</ItemCode>
      <ItemType>1</ItemType>
      <ItemName>דוריטוס טבעי 70 גרם</ItemName>
      <ManufacturerName>לא ידוע</ManufacturerName>
      <ManufactureCountry>לא ידוע</ManufactureCountry>
      <ManufacturerItemDescription>דוריטוס טבעי 70 גרם </ManufacturerItemDescription>
      <UnitQty>גרמים</UnitQty>
      <Quantity>70.00</Quantity>
      <bIsWeighted>0</bIsWeighted>
      <UnitOfMeasure>100 גרם</UnitOfMeasure>
      <QtyInPackage>1</QtyInPackage>
      <ItemPrice>5.50</ItemPrice>
      <UnitOfMeasurePrice>7.86</UnitOfMeasurePrice>
      <AllowDiscount>1</AllowDiscount>
      <ItemStatus>1</ItemStatus>
    </Item>
    <Item>
      <PriceUpdateDate>2025-07-13 09:40</PriceUpdateDate>
      <ItemCode>7290100857045</ItemCode>
      <ItemType>1</ItemType>
      <ItemName>שוקולד ספלנדיד מריר עם קפה 100 גר</ItemName>
      <ManufacturerName>לא ידוע</ManufacturerName>
      <ManufactureCountry>לא ידוע</ManufactureCountry>
      <ManufacturerItemDescription>שוקולד ספלנדיד מריר </ManufacturerItemDescription>
      <UnitQty>גרמים</UnitQty>
      <Quantity>100.00</Quantity>
      <bIsWeighted>0</bIsWeighted>
      <UnitOfMeasure>100 גרם</UnitOfMeasure>
      <QtyInPackage>1</QtyInPackage>
      <ItemPrice>19.90</ItemPrice>
      <UnitOfMeasurePrice>19.90</UnitOfMeasurePrice>
      <AllowDiscount>1</AllowDiscount>
      <ItemStatus>1</ItemStatus>
    </Item>
    <Item>
      <PriceUpdateDate>2025-07-13 09:40</PriceUpdateDate>
      <ItemCode>7290100858592</ItemCode>
      <ItemType>1</ItemType>
      <ItemName>קקאו 150 גרם</ItemName>
      <ManufacturerName>לא ידוע</ManufacturerName>
      <ManufactureCountry>לא ידוע</ManufactureCountry>
      <ManufacturerItemDescription>קקאו 150 גרם        </ManufacturerItemDescription>
      <UnitQty>גרמים</UnitQty>
      <Quantity>150.00</Quantity>
      <bIsWeighted>0</bIsWeighted>
      <UnitOfMeasure>100 גרם</UnitOfMeasure>
      <QtyInPackage>1</QtyInPackage>
      <ItemPrice>19.90</ItemPrice>
      <UnitOfMeasurePrice>13.27</UnitOfMeasurePrice>
      <AllowDiscount>1</AllowDiscount>
      <ItemStatus>1</ItemStatus>
    </Item>
    <Item>
      <PriceUpdateDate>2025-06-29 09:08</PriceUpdateDate>
      <ItemCode>7290100858608</ItemCode>
      <ItemType>1</ItemType>
      <ItemName>קקאו 500 גרם</ItemName>
      <ManufacturerName>לא ידוע</ManufacturerName>
      <ManufactureCountry>לא ידוע</ManufactureCountry>
      <ManufacturerItemDescription>קקאו 500 גרם        </ManufacturerItemDescription>
      <UnitQty>גרמים</UnitQty>
      <Quantity>500.00</Quantity>
      <bIsWeighted>0</bIsWeighted>
      <UnitOfMeasure>100 גרם</UnitOfMeasure>
      <QtyInPackage>1</QtyInPackage>
      <ItemPrice>47.90</ItemPrice>
      <UnitOfMeasurePrice>9.58</UnitOfMeasurePrice>
      <AllowDiscount>1</AllowDiscount>
      <ItemStatus>1</ItemStatus>
    </Item>
    <Item>
      <PriceUpdateDate>2021-11-01 17:49</PriceUpdateDate>
      <ItemCode>7290101457817</ItemCode>
      <ItemType>1</ItemType>
      <ItemName>נרות יום הולדת      </ItemName>
      <ManufacturerName>לא ידוע</ManufacturerName>
      <ManufactureCountry>לא ידוע</ManufactureCountry>
      <ManufacturerItemDescription>נרות יום הולדת      </ManufacturerItemDescription>
      <UnitQty>Unknown</UnitQty>
      <Quantity>0.00</Quantity>
      <bIsWeighted>0</bIsWeighted>
      <UnitOfMeasure>Unknown</UnitOfMeasure>
      <QtyInPackage>1</QtyInPackage>
      <ItemPrice>4.50</ItemPrice>
      <UnitOfMeasurePrice>4.50</UnitOfMeasurePrice>
      <AllowDiscount>1</AllowDiscount>
      <ItemStatus>1</ItemStatus>
    </Item>
    <Item>
      <PriceUpdateDate>2021-11-01 17:47</PriceUpdateDate>
      <ItemCode>7290101458050</ItemCode>
      <ItemType>1</ItemType>
      <ItemName>נרות יום הולדת      </ItemName>
      <ManufacturerName>לא ידוע</ManufacturerName>
      <ManufactureCountry>לא ידוע</ManufactureCountry>
      <ManufacturerItemDescription>נרות יום הולדת      </ManufacturerItemDescription>
      <UnitQty>Unknown</UnitQty>
      <Quantity>0.00</Quantity>
      <bIsWeighted>0</bIsWeighted>
      <UnitOfMeasure>Unknown</UnitOfMeasure>
      <QtyInPackage>1</QtyInPackage>
      <ItemPrice>4.50</ItemPrice>
      <UnitOfMeasurePrice>4.50</UnitOfMeasurePrice>
      <AllowDiscount>1</AllowDiscount>
      <ItemStatus>1</ItemStatus>
    </Item>
    <Item>
      <PriceUpdateDate>2024-07-27 18:56</PriceUpdateDate>
      <ItemCode>7290101500124</ItemCode>
      <ItemType>1</ItemType>
      <ItemName>הסלק האדום טרה מיה</ItemName>
      <ManufacturerName>לא ידוע</ManufacturerName>
      <ManufactureCountry>לא ידוע</ManufactureCountry>
      <ManufacturerItemDescription>הסלק האדום טרה מיה  </ManufacturerItemDescription>
      <UnitQty>Unknown</UnitQty>
      <Quantity>0.00</Quantity>
      <bIsWeighted>0</bIsWeighted>
      <UnitOfMeasure>Unknown</UnitOfMeasure>
      <QtyInPackage>1</QtyInPackage>
      <ItemPrice>10.90</ItemPrice>
      <UnitOfMeasurePrice>10.90</UnitOfMeasurePrice>
      <AllowDiscount>1</AllowDiscount>
      <ItemStatus>1</ItemStatus>
    </Item>
    <Item>
      <PriceUpdateDate>2023-11-22 11:52</PriceUpdateDate>
      <ItemCode>7290101500193</ItemCode>
      <ItemType>1</ItemType>
      <ItemName>חסה רומית נספק</ItemName>
      <ManufacturerName>לא ידוע</ManufacturerName>
      <ManufactureCountry>לא ידוע</ManufactureCountry>
      <ManufacturerItemDescription>חסה רומית נספק טרה מ</ManufacturerItemDescription>
      <UnitQty>יחידה</UnitQty>
      <Quantity>1.00</Quantity>
      <bIsWeighted>0</bIsWeighted>
      <UnitOfMeasure>יחידה</UnitOfMeasure>
      <QtyInPackage>1</QtyInPackage>
      <ItemPrice>12.90</ItemPrice>
      <UnitOfMeasurePrice>12.90</UnitOfMeasurePrice>
      <AllowDiscount>1</AllowDiscount>
      <ItemStatus>1</ItemStatus>
    </Item>
    <Item>
      <PriceUpdateDate>2024-08-08 14:24</PriceUpdateDate>
      <ItemCode>7290101500216</ItemCode>
      <ItemType>1</ItemType>
      <ItemName>לבבות קיסר טרה מיה</ItemName>
      <ManufacturerName>לא ידוע</ManufacturerName>
      <ManufactureCountry>לא ידוע</ManufactureCountry>
      <ManufacturerItemDescription>לבבות קיסר טרה מיה  </ManufacturerItemDescription>
      <UnitQty>יחידה</UnitQty>
      <Quantity>1.00</Quantity>
      <bIsWeighted>0</bIsWeighted>
      <UnitOfMeasure>יחידה</UnitOfMeasure>
      <QtyInPackage>1</QtyInPackage>
      <ItemPrice>12.90</ItemPrice>
      <UnitOfMeasurePrice>12.90</UnitOfMeasurePrice>
      <AllowDiscount>1</AllowDiscount>
      <ItemStatus>1</ItemStatus>
    </Item>
    <Item>
      <PriceUpdateDate>2024-08-06 15:53</PriceUpdateDate>
      <ItemCode>7290101500445</ItemCode>
      <ItemType>1</ItemType>
      <ItemName>בצל ירוק צעיר יחידה</ItemName>
      <ManufacturerName>לא ידוע</ManufacturerName>
      <ManufactureCountry>לא ידוע</ManufactureCountry>
      <ManufacturerItemDescription>בצל ירוק צעיר יחידה </ManufacturerItemDescription>
      <UnitQty>יחידה</UnitQty>
      <Quantity>1.00</Quantity>
      <bIsWeighted>0</bIsWeighted>
      <UnitOfMeasure>יחידה</UnitOfMeasure>
      <QtyInPackage>1</QtyInPackage>
      <ItemPrice>6.90</ItemPrice>
      <UnitOfMeasurePrice>6.90</UnitOfMeasurePrice>
      <AllowDiscount>1</AllowDiscount>
      <ItemStatus>1</ItemStatus>
    </Item>
    <Item>
      <PriceUpdateDate>2023-02-09 10:41</PriceUpdateDate>
      <ItemCode>7290101500506</ItemCode>
      <ItemType>1</ItemType>
      <ItemName>פטרוזיליה ארוזה</ItemName>
      <ManufacturerName>לא ידוע</ManufacturerName>
      <ManufactureCountry>לא ידוע</ManufactureCountry>
      <ManufacturerItemDescription>פטרוזיליה טרה מיה   </ManufacturerItemDescription>
      <UnitQty>יחידה</UnitQty>
      <Quantity>1.00</Quantity>
      <bIsWeighted>0</bIsWeighted>
      <UnitOfMeasure>יחידה</UnitOfMeasure>
      <QtyInPackage>1</QtyInPackage>
      <ItemPrice>5.90</ItemPrice>
      <UnitOfMeasurePrice>5.90</UnitOfMeasurePrice>
      <AllowDiscount>1</AllowDiscount>
      <ItemStatus>1</ItemStatus>
    </Item>
    <Item>
      <PriceUpdateDate>2023-02-09 10:41</PriceUpdateDate>
      <ItemCode>7290101500513</ItemCode>
      <ItemType>1</ItemType>
      <ItemName>שמיר ארוז</ItemName>
      <ManufacturerName>לא ידוע</ManufacturerName>
      <ManufactureCountry>לא ידוע</ManufactureCountry>
      <ManufacturerItemDescription>שמיר ארוז טרה מיה   </ManufacturerItemDescription>
      <UnitQty>יחידה</UnitQty>
      <Quantity>1.00</Quantity>
      <bIsWeighted>0</bIsWeighted>
      <UnitOfMeasure>יחידה</UnitOfMeasure>
      <QtyInPackage>1</QtyInPackage>
      <ItemPrice>5.90</ItemPrice>
      <UnitOfMeasurePrice>5.90</UnitOfMeasurePrice>
      <AllowDiscount>1</AllowDiscount>
      <ItemStatus>1</ItemStatus>
    </Item>
    <Item>
      <PriceUpdateDate>2023-02-09 10:41</PriceUpdateDate>
      <ItemCode>7290101500520</ItemCode>
      <ItemType>1</ItemType>
      <ItemName>כוסברה ארוזה</ItemName>
      <ManufacturerName>לא ידוע</ManufacturerName>
      <ManufactureCountry>לא ידוע</ManufactureCountry>
      <ManufacturerItemDescription>כוסברה ארוזה טרה מיה</ManufacturerItemDescription>
      <UnitQty>יחידה</UnitQty>
      <Quantity>1.00</Quantity>
      <bIsWeighted>0</bIsWeighted>
      <UnitOfMeasure>יחידה</UnitOfMeasure>
      <QtyInPackage>1</QtyInPackage>
      <ItemPrice>5.90</ItemPrice>
      <UnitOfMeasurePrice>5.90</UnitOfMeasurePrice>
      <AllowDiscount>1</AllowDiscount>
      <ItemStatus>1</ItemStatus>
    </Item>
    <Item>
      <PriceUpdateDate>2023-02-09 10:41</PriceUpdateDate>
      <ItemCode>7290101500537</ItemCode>
      <ItemType>1</ItemType>
      <ItemName>נענע ארוזה</ItemName>
      <ManufacturerName>לא ידוע</ManufacturerName>
      <ManufactureCountry>לא ידוע</ManufactureCountry>
      <ManufacturerItemDescription>נענע ארוזה טרה מיה  </ManufacturerItemDescription>
      <UnitQty>יחידה</UnitQty>
      <Quantity>1.00</Quantity>
      <bIsWeighted>0</bIsWeighted>
      <UnitOfMeasure>יחידה</UnitOfMeasure>
      <QtyInPackage>1</QtyInPackage>
      <ItemPrice>5.90</ItemPrice>
      <UnitOfMeasurePrice>5.90</UnitOfMeasurePrice>
      <AllowDiscount>1</AllowDiscount>
      <ItemStatus>1</ItemStatus>
    </Item>
    <Item>
      <PriceUpdateDate>2025-02-27 11:09</PriceUpdateDate>
      <ItemCode>7290101500551</ItemCode>
      <ItemType>1</ItemType>
      <ItemName>סלרי אמריקאי ארוז</ItemName>
      <ManufacturerName>לא ידוע</ManufacturerName>
      <ManufactureCountry>לא ידוע</ManufactureCountry>
      <ManufacturerItemDescription>סלרי אמריקאי ארוז טר</ManufacturerItemDescription>
      <UnitQty>יחידה</UnitQty>
      <Quantity>1.00</Quantity>
      <bIsWeighted>0</bIsWeighted>
      <UnitOfMeasure>יחידה</UnitOfMeasure>
      <QtyInPackage>1</QtyInPackage>
      <ItemPrice>7.90</ItemPrice>
      <UnitOfMeasurePrice>7.90</UnitOfMeasurePrice>
      <AllowDiscount>1</AllowDiscount>
      <ItemStatus>1</ItemStatus>
    </Item>
    <Item>
      <PriceUpdateDate>2025-02-27 11:09</PriceUpdateDate>
      <ItemCode>7290101500568</ItemCode>
      <ItemType>1</ItemType>
      <ItemName>סלרי ראש ארוז</ItemName>
      <ManufacturerName>לא ידוע</ManufacturerName>
      <ManufactureCountry>לא ידוע</ManufactureCountry>
      <ManufacturerItemDescription>סלרי ראש ארוז טרה מי</ManufacturerItemDescription>
      <UnitQty>יחידה</UnitQty>
      <Quantity>1.00</Quantity>
      <bIsWeighted>0</bIsWeighted>
      <UnitOfMeasure>יחידה</UnitOfMeasure>
      <QtyInPackage>1</QtyInPackage>
      <ItemPrice>7.90</ItemPrice>
      <UnitOfMeasurePrice>7.90</UnitOfMeasurePrice>
      <AllowDiscount>1</AllowDiscount>
      <ItemStatus>1</ItemStatus>
    </Item>
    <Item>
      <PriceUpdateDate>2024-05-27 14:22</PriceUpdateDate>
      <ItemCode>7290101500612</ItemCode>
      <ItemType>1</ItemType>
      <ItemName>עירית ארוזה</ItemName>
      <ManufacturerName>לא ידוע</ManufacturerName>
      <ManufactureCountry>לא ידוע</ManufactureCountry>
      <ManufacturerItemDescription>עירית טרה מיה       </ManufacturerItemDescription>
      <UnitQty>Unknown</UnitQty>
      <Quantity>0.00</Quantity>
      <bIsWeighted>0</bIsWeighted>
      <UnitOfMeasure>Unknown</UnitOfMeasure>
      <QtyInPackage>1</QtyInPackage>
      <ItemPrice>7.90</ItemPrice>
      <UnitOfMeasurePrice>7.90</UnitOfMeasurePrice>
      <AllowDiscount>1</AllowDiscount>
      <ItemStatus>1</ItemStatus>
    </Item>
    <Item>
      <PriceUpdateDate>2024-02-18 19:09</PriceUpdateDate>
      <ItemCode>7290101500650</ItemCode>
      <ItemType>1</ItemType>
      <ItemName>כרובית סגולה</ItemName>
      <ManufacturerName>לא ידוע</ManufacturerName>
      <ManufactureCountry>לא ידוע</ManufactureCountry>
      <ManufacturerItemDescription>כרובית סגולה טרה מיה</ManufacturerItemDescription>
      <UnitQty>Unknown</UnitQty>
      <Quantity>0.00</Quantity>
      <bIsWeighted>0</bIsWeighted>
      <UnitOfMeasure>Unknown</UnitOfMeasure>
      <QtyInPackage>1</QtyInPackage>
      <ItemPrice>14.00</ItemPrice>
      <UnitOfMeasurePrice>14.00</UnitOfMeasurePrice>
      <AllowDiscount>1</AllowDiscount>
      <ItemStatus>1</ItemStatus>
    </Item>
    <Item>
      <PriceUpdateDate>2024-05-27 14:22</PriceUpdateDate>
      <ItemCode>7290101500704</ItemCode>
      <ItemType>1</ItemType>
      <ItemName>טימין ארוז</ItemName>
      <ManufacturerName>לא ידוע</ManufacturerName>
      <ManufactureCountry>לא ידוע</ManufactureCountry>
      <ManufacturerItemDescription>טימין טרה מיה       </ManufacturerItemDescription>
      <UnitQty>Unknown</UnitQty>
      <Quantity>0.00</Quantity>
      <bIsWeighted>0</bIsWeighted>
      <UnitOfMeasure>Unknown</UnitOfMeasure>
      <QtyInPackage>1</QtyInPackage>
      <ItemPrice>7.90</ItemPrice>
      <UnitOfMeasurePrice>7.90</UnitOfMeasurePrice>
      <AllowDiscount>1</AllowDiscount>
      <ItemStatus>1</ItemStatus>
    </Item>
    <Item>
      <PriceUpdateDate>2024-05-27 14:22</PriceUpdateDate>
      <ItemCode>7290101500735</ItemCode>
      <ItemType>1</ItemType>
      <ItemName>רוזמרין ארוז</ItemName>
      <ManufacturerName>לא ידוע</ManufacturerName>
      <ManufactureCountry>לא ידוע</ManufactureCountry>
      <ManufacturerItemDescription>רוזמרין טרה מיה     </ManufacturerItemDescription>
      <UnitQty>Unknown</UnitQty>
      <Quantity>0.00</Quantity>
      <bIsWeighted>0</bIsWeighted>
      <UnitOfMeasure>Unknown</UnitOfMeasure>
      <QtyInPackage>1</QtyInPackage>
      <ItemPrice>7.90</ItemPrice>
      <UnitOfMeasurePrice>7.90</UnitOfMeasurePrice>
      <AllowDiscount>1</AllowDiscount>
      <ItemStatus>1</ItemStatus>
    </Item>
    <Item>
      <PriceUpdateDate>2024-05-27 14:22</PriceUpdateDate>
      <ItemCode>7290101500766</ItemCode>
      <ItemType>1</ItemType>
      <ItemName>בזיליקום ארוז</ItemName>
      <ManufacturerName>לא ידוע</ManufacturerName>
      <ManufactureCountry>לא ידוע</ManufactureCountry>
      <ManufacturerItemDescription>בזיליקום טרה מיה    </ManufacturerItemDescription>
      <UnitQty>Unknown</UnitQty>
      <Quantity>0.00</Quantity>
      <bIsWeighted>0</bIsWeighted>
      <UnitOfMeasure>Unknown</UnitOfMeasure>
      <QtyInPackage>1</QtyInPackage>
      <ItemPrice>7.90</ItemPrice>
      <UnitOfMeasurePrice>7.90</UnitOfMeasurePrice>
      <AllowDiscount>1</AllowDiscount>
      <ItemStatus>1</ItemStatus>
    </Item>
    <Item>
      <PriceUpdateDate>2021-01-20 21:12</PriceUpdateDate>
      <ItemCode>7290101500926</ItemCode>
      <ItemType>1</ItemType>
      <ItemName>תרד ארוז רכות</ItemName>
      <ManufacturerName>לא ידוע</ManufacturerName>
      <ManufactureCountry>לא ידוע</ManufactureCountry>
      <ManufacturerItemDescription>תרד ארוז            </ManufacturerItemDescription>
      <UnitQty>יחידה</UnitQty>
      <Quantity>1.00</Quantity>
      <bIsWeighted>0</bIsWeighted>
      <UnitOfMeasure>יחידה</UnitOfMeasure>
      <QtyInPackage>1</QtyInPackage>
      <ItemPrice>12.90</ItemPrice>
      <UnitOfMeasurePrice>12.90</UnitOfMeasurePrice>
      <AllowDiscount>1</AllowDiscount>
      <ItemStatus>1</ItemStatus>
    </Item>
    <Item>
      <PriceUpdateDate>2024-11-11 11:38</PriceUpdateDate>
      <ItemCode>7290101501176</ItemCode>
      <ItemType>1</ItemType>
      <ItemName>פלפל טינקרבל</ItemName>
      <ManufacturerName>לא ידוע</ManufacturerName>
      <ManufactureCountry>לא ידוע</ManufactureCountry>
      <ManufacturerItemDescription>פלפל טינקרבל        </ManufacturerItemDescription>
      <UnitQty>Unknown</UnitQty>
      <Quantity>0.00</Quantity>
      <bIsWeighted>0</bIsWeighted>
      <UnitOfMeasure>Unknown</UnitOfMeasure>
      <QtyInPackage>1</QtyInPackage>
      <ItemPrice>14.90</ItemPrice>
      <UnitOfMeasurePrice>14.90</UnitOfMeasurePrice>
      <AllowDiscount>1</AllowDiscount>
      <ItemStatus>1</ItemStatus>
    </Item>
    <Item>
      <PriceUpdateDate>2024-05-09 10:21</PriceUpdateDate>
      <ItemCode>7290101501183</ItemCode>
      <ItemType>1</ItemType>
      <ItemName>פלפל צילי</ItemName>
      <ManufacturerName>לא ידוע</ManufacturerName>
      <ManufactureCountry>לא ידוע</ManufactureCountry>
      <ManufacturerItemDescription>פלפל צילי           </ManufacturerItemDescription>
      <UnitQty>Unknown</UnitQty>
      <Quantity>0.00</Quantity>
      <bIsWeighted>0</bIsWeighted>
      <UnitOfMeasure>Unknown</UnitOfMeasure>
      <QtyInPackage>1</QtyInPackage>
      <ItemPrice>12.90</ItemPrice>
      <UnitOfMeasurePrice>12.90</UnitOfMeasurePrice>
      <AllowDiscount>1</AllowDiscount>
      <ItemStatus>1</ItemStatus>
    </Item>
    <Item>
      <PriceUpdateDate>2025-11-17 14:55</PriceUpdateDate>
      <ItemCode>7290101501237</ItemCode>
      <ItemType>1</ItemType>
      <ItemName>עגבניות מגי</ItemName>
      <ManufacturerName>לא ידוע</ManufacturerName>
      <ManufactureCountry>לא ידוע</ManufactureCountry>
      <ManufacturerItemDescription>עגבניות מגי         </ManufacturerItemDescription>
      <UnitQty>Unknown</UnitQty>
      <Quantity>0.00</Quantity>
      <bIsWeighted>1</bIsWeighted>
      <UnitOfMeasure>ק"ג</UnitOfMeasure>
      <QtyInPackage>0</QtyInPackage>
      <ItemPrice>16.90</ItemPrice>
      <UnitOfMeasurePrice>16.90</UnitOfMeasurePrice>
      <AllowDiscount>1</AllowDiscount>
      <ItemStatus>1</ItemStatus>
    </Item>
    <Item>
      <PriceUpdateDate>2025-02-12 14:12</PriceUpdateDate>
      <ItemCode>7290101501305</ItemCode>
      <ItemType>1</ItemType>
      <ItemName>בייבי מלפפון</ItemName>
      <ManufacturerName>לא ידוע</ManufacturerName>
      <ManufactureCountry>ישראל</ManufactureCountry>
      <ManufacturerItemDescription>בייבי מלפפון טרה מיה</ManufacturerItemDescription>
      <UnitQty>גרמים</UnitQty>
      <Quantity>350.00</Quantity>
      <bIsWeighted>0</bIsWeighted>
      <UnitOfMeasure>100 גרם</UnitOfMeasure>
      <QtyInPackage>1</QtyInPackage>
      <ItemPrice>9.90</ItemPrice>
      <UnitOfMeasurePrice>2.83</UnitOfMeasurePrice>
      <AllowDiscount>1</AllowDiscount>
      <ItemStatus>1</ItemStatus>
    </Item>
    <Item>
      <PriceUpdateDate>2025-04-19 19:08</PriceUpdateDate>
      <ItemCode>7290101501367</ItemCode>
      <ItemType>1</ItemType>
      <ItemName>תפוח אדמה לאפיה לבישול ומיקרוגל 500 ג</ItemName>
      <ManufacturerName>לא ידוע</ManufacturerName>
      <ManufactureCountry>לא ידוע</ManufactureCountry>
      <ManufacturerItemDescription>תפוח אדמה לאפיה     </ManufacturerItemDescription>
      <UnitQty>גרמים</UnitQty>
      <Quantity>500.00</Quantity>
      <bIsWeighted>0</bIsWeighted>
      <UnitOfMeasure>100 גרם</UnitOfMeasure>
      <QtyInPackage>1</QtyInPackage>
      <ItemPrice>9.90</ItemPrice>
      <UnitOfMeasurePrice>1.98</UnitOfMeasurePrice>
      <AllowDiscount>1</AllowDiscount>
      <ItemStatus>1</ItemStatus>
    </Item>
    <Item>
      <PriceUpdateDate>2023-03-15 10:41</PriceUpdateDate>
      <ItemCode>7290101501374</ItemCode>
      <ItemType>1</ItemType>
      <ItemName>דלעת ארוזה</ItemName>
      <ManufacturerName>לא ידוע</ManufacturerName>
      <ManufactureCountry>לא ידוע</ManufactureCountry>
      <ManufacturerItemDescription>דלעת ארוזה          </ManufacturerItemDescription>
      <UnitQty>קילוגרמים</UnitQty>
      <Quantity>0.00</Quantity>
      <bIsWeighted>1</bIsWeighted>
      <UnitOfMeasure>ק"ג</UnitOfMeasure>
      <QtyInPackage>0</QtyInPackage>
      <ItemPrice>17.90</ItemPrice>
      <UnitOfMeasurePrice>17.90</UnitOfMeasurePrice>
      <AllowDiscount>1</AllowDiscount>
      <ItemStatus>1</ItemStatus>
    </Item>
    <Item>
      <PriceUpdateDate>2024-02-18 19:09</PriceUpdateDate>
      <ItemCode>7290101501428</ItemCode>
      <ItemType>1</ItemType>
      <ItemName>ברוקולי ארוז</ItemName>
      <ManufacturerName>לא ידוע</ManufacturerName>
      <ManufactureCountry>לא ידוע</ManufactureCountry>
      <ManufacturerItemDescription>ברוקולי ארוז טרה מיה</ManufacturerItemDescription>
      <UnitQty>Unknown</UnitQty>
      <Quantity>0.00</Quantity>
      <bIsWeighted>0</bIsWeighted>
      <UnitOfMeasure>Unknown</UnitOfMeasure>
      <QtyInPackage>1</QtyInPackage>
      <ItemPrice>14.90</ItemPrice>
      <UnitOfMeasurePrice>14.90</UnitOfMeasurePrice>
      <AllowDiscount>1</AllowDiscount>
      <ItemStatus>1</ItemStatus>
    </Item>
    <Item>
      <PriceUpdateDate>2023-11-18 08:39</PriceUpdateDate>
      <ItemCode>7290101501589</ItemCode>
      <ItemType>1</ItemType>
      <ItemName>גינגר טבעי</ItemName>
      <ManufacturerName>לא ידוע</ManufacturerName>
      <ManufactureCountry>לא ידוע</ManufactureCountry>
      <ManufacturerItemDescription>גינגר טבעי טרה מיה  </ManufacturerItemDescription>
      <UnitQty>יחידה</UnitQty>
      <Quantity>1.00</Quantity>
      <bIsWeighted>0</bIsWeighted>
      <UnitOfMeasure>יחידה</UnitOfMeasure>
      <QtyInPackage>1</QtyInPackage>
      <ItemPrice>14.90</ItemPrice>
      <UnitOfMeasurePrice>14.90</UnitOfMeasurePrice>
      <AllowDiscount>1</AllowDiscount>
      <ItemStatus>1</ItemStatus>
    </Item>
    <Item>
      <PriceUpdateDate>2024-05-27 18:02</PriceUpdateDate>
      <ItemCode>7290101502333</ItemCode>
      <ItemType>1</ItemType>
      <ItemName>רוקט טרה מיה        </ItemName>
      <ManufacturerName>לא ידוע</ManufacturerName>
      <ManufactureCountry>לא ידוע</ManufactureCountry>
      <ManufacturerItemDescription>רוקט טרה מיה        </ManufacturerItemDescription>
      <UnitQty>Unknown</UnitQty>
      <Quantity>0.00</Quantity>
      <bIsWeighted>0</bIsWeighted>
      <UnitOfMeasure>Unknown</UnitOfMeasure>
      <QtyInPackage>1</QtyInPackage>
      <ItemPrice>7.90</ItemPrice>
      <UnitOfMeasurePrice>7.90</UnitOfMeasurePrice>
      <AllowDiscount>1</AllowDiscount>
      <ItemStatus>1</ItemStatus>
    </Item>
    <Item>
      <PriceUpdateDate>2024-05-07 11:24</PriceUpdateDate>
      <ItemCode>7290101502340</ItemCode>
      <ItemType>1</ItemType>
      <ItemName>לוף כרישה ארוז</ItemName>
      <ManufacturerName>לא ידוע</ManufacturerName>
      <ManufactureCountry>לא ידוע</ManufactureCountry>
      <ManufacturerItemDescription>לוף כרישה  טרה מיה  </ManufacturerItemDescription>
      <UnitQty>יחידה</UnitQty>
      <Quantity>1.00</Quantity>
      <bIsWeighted>0</bIsWeighted>
      <UnitOfMeasure>יחידה</UnitOfMeasure>
      <QtyInPackage>1</QtyInPackage>
      <ItemPrice>12.90</ItemPrice>
      <UnitOfMeasurePrice>12.90</UnitOfMeasurePrice>
      <AllowDiscount>1</AllowDiscount>
      <ItemStatus>1</ItemStatus>
    </Item>
    <Item>
      <PriceUpdateDate>2024-05-13 00:07</PriceUpdateDate>
      <ItemCode>7290101502357</ItemCode>
      <ItemType>1</ItemType>
      <ItemName>תרד הניו זילנדי טרה מיה</ItemName>
      <ManufacturerName>לא ידוע</ManufacturerName>
      <ManufactureCountry>לא ידוע</ManufactureCountry>
      <ManufacturerItemDescription>תרד הניו זילנדי טרה </ManufacturerItemDescription>
      <UnitQty>יחידה</UnitQty>
      <Quantity>1.00</Quantity>
      <bIsWeighted>0</bIsWeighted>
      <UnitOfMeasure>יחידה</UnitOfMeasure>
      <QtyInPackage>1</QtyInPackage>
      <ItemPrice>14.90</ItemPrice>
      <UnitOfMeasurePrice>14.90</UnitOfMeasurePrice>
      <AllowDiscount>1</AllowDiscount>
      <ItemStatus>1</ItemStatus>
    </Item>
    <Item>
      <PriceUpdateDate>2024-04-24 12:52</PriceUpdateDate>
      <ItemCode>7290101502371</ItemCode>
      <ItemType>1</ItemType>
      <ItemName>התירס הלבן תוק טרה מיה</ItemName>
      <ManufacturerName>לא ידוע</ManufacturerName>
      <ManufactureCountry>לא ידוע</ManufactureCountry>
      <ManufacturerItemDescription>התירס הלבן טרה מיה  </ManufacturerItemDescription>
      <UnitQty>יחידה</UnitQty>
      <Quantity>1.00</Quantity>
      <bIsWeighted>0</bIsWeighted>
      <UnitOfMeasure>יחידה</UnitOfMeasure>
      <QtyInPackage>1</QtyInPackage>
      <ItemPrice>19.90</ItemPrice>
      <UnitOfMeasurePrice>19.90</UnitOfMeasurePrice>
      <AllowDiscount>1</AllowDiscount>
      <ItemStatus>1</ItemStatus>
    </Item>
    <Item>
      <PriceUpdateDate>2021-01-20 21:12</PriceUpdateDate>
      <ItemCode>7290101503507</ItemCode>
      <ItemType>1</ItemType>
      <ItemName>בייבי בטטה</ItemName>
      <ManufacturerName>לא ידוע</ManufacturerName>
      <ManufactureCountry>לא ידוע</ManufactureCountry>
      <ManufacturerItemDescription>בייבי בטטה          </ManufacturerItemDescription>
      <UnitQty>Unknown</UnitQty>
      <Quantity>0.00</Quantity>
      <bIsWeighted>0</bIsWeighted>
      <UnitOfMeasure>Unknown</UnitOfMeasure>
      <QtyInPackage>0</QtyInPackage>
      <ItemPrice>14.90</ItemPrice>
      <UnitOfMeasurePrice>14.90</UnitOfMeasurePrice>
      <AllowDiscount>1</AllowDiscount>
      <ItemStatus>1</ItemStatus>
    </Item>
    <Item>
      <PriceUpdateDate>2023-06-04 19:31</PriceUpdateDate>
      <ItemCode>7290101551027</ItemCode>
      <ItemType>1</ItemType>
      <ItemName>קפסולות 14 חזק במיוחד למכונות נספרסו 50</ItemName>
      <ManufacturerName>לא ידוע</ManufacturerName>
      <ManufactureCountry>ישראל</ManufactureCountry>
      <ManufacturerItemDescription>קפסולות 14 חזק במיוח</ManufacturerItemDescription>
      <UnitQty>גרמים</UnitQty>
      <Quantity>50.00</Quantity>
      <bIsWeighted>0</bIsWeighted>
      <UnitOfMeasure>100 גרם</UnitOfMeasure>
      <QtyInPackage>1</QtyInPackage>
      <ItemPrice>19.90</ItemPrice>
      <UnitOfMeasurePrice>39.80</UnitOfMeasurePrice>
      <AllowDiscount>1</AllowDiscount>
      <ItemStatus>1</ItemStatus>
    </Item>
    <Item>
      <PriceUpdateDate>2025-03-06 07:44</PriceUpdateDate>
      <ItemCode>7290101551300</ItemCode>
      <ItemType>1</ItemType>
      <ItemName>סילאן טבעי לחיץ יד מרדכי 380 גרם</ItemName>
      <ManufacturerName>לא ידוע</ManufacturerName>
      <ManufactureCountry />
      <ManufacturerItemDescription>סילאן טבעי לחיץ יד מ</ManufacturerItemDescription>
      <UnitQty>גרמים</UnitQty>
      <Quantity>700.00</Quantity>
      <bIsWeighted>0</bIsWeighted>
      <UnitOfMeasure>100 גרם</UnitOfMeasure>
      <QtyInPackage>1</QtyInPackage>
      <ItemPrice>20.90</ItemPrice>
      <UnitOfMeasurePrice>2.99</UnitOfMeasurePrice>
      <AllowDiscount>1</AllowDiscount>
      <ItemStatus>1</ItemStatus>
    </Item>
    <Item>
      <PriceUpdateDate>2024-12-01 09:06</PriceUpdateDate>
      <ItemCode>7290101551584</ItemCode>
      <ItemType>1</ItemType>
      <ItemName>מארז טפוציפס קידס 10* 20 גר</ItemName>
      <ManufacturerName>לא ידוע</ManufacturerName>
      <ManufactureCountry>IL</ManufactureCountry>
      <ManufacturerItemDescription>מארז תפוציפס קידס 20</ManufacturerItemDescription>
      <UnitQty>גרמים</UnitQty>
      <Quantity>200.00</Quantity>
      <bIsWeighted>0</bIsWeighted>
      <UnitOfMeasure>100 גרם</UnitOfMeasure>
      <QtyInPackage>1</QtyInPackage>
      <ItemPrice>20.90</ItemPrice>
      <UnitOfMeasurePrice>10.45</UnitOfMeasurePrice>
      <AllowDiscount>1</AllowDiscount>
      <ItemStatus>1</ItemStatus>
    </Item>
    <Item>
      <PriceUpdateDate>2024-11-25 13:34</PriceUpdateDate>
      <ItemCode>7290101551614</ItemCode>
      <ItemType>1</ItemType>
      <ItemName>מארז ציטוס רקאנצי טעם גבינה 8 * 30 גר</ItemName>
      <ManufacturerName>לא ידוע</ManufacturerName>
      <ManufactureCountry>ישראל</ManufactureCountry>
      <ManufacturerItemDescription>מארז ציטוס רקאנצי טע</ManufacturerItemDescription>
      <UnitQty>גרמים</UnitQty>
      <Quantity>240.00</Quantity>
      <bIsWeighted>0</bIsWeighted>
      <UnitOfMeasure>100 גרם</UnitOfMeasure>
      <QtyInPackage>1</QtyInPackage>
      <ItemPrice>22.90</ItemPrice>
      <UnitOfMeasurePrice>9.54</UnitOfMeasurePrice>
      <AllowDiscount>1</AllowDiscount>
      <ItemStatus>1</ItemStatus>
    </Item>
    <Item>
      <PriceUpdateDate>2024-12-01 09:06</PriceUpdateDate>
      <ItemCode>7290101551638</ItemCode>
      <ItemType>1</ItemType>
      <ItemName>מארז ציטוס טעם קטשופ כאפה 10 * 20 גר</ItemName>
      <ManufacturerName>לא ידוע</ManufacturerName>
      <ManufactureCountry>ישראל</ManufactureCountry>
      <ManufacturerItemDescription>מארז ציטוס טעם קטשופ</ManufacturerItemDescription>
      <UnitQty>גרמים</UnitQty>
      <Quantity>200.00</Quantity>
      <bIsWeighted>0</bIsWeighted>
      <UnitOfMeasure>100 גרם</UnitOfMeasure>
      <QtyInPackage>1</QtyInPackage>
      <ItemPrice>19.90</ItemPrice>
      <UnitOfMeasurePrice>9.95</UnitOfMeasurePrice>
      <AllowDiscount>1</AllowDiscount>
      <ItemStatus>1</ItemStatus>
    </Item>
    <Item>
      <PriceUpdateDate>2024-11-17 13:15</PriceUpdateDate>
      <ItemCode>7290101812029</ItemCode>
      <ItemType>1</ItemType>
      <ItemName>קבנוס בקר איטלקי 200 גרם</ItemName>
      <ManufacturerName>לא ידוע</ManufacturerName>
      <ManufactureCountry>לא ידוע</ManufactureCountry>
      <ManufacturerItemDescription>קבנוס בקר איטלקי 200</ManufacturerItemDescription>
      <UnitQty>גרמים</UnitQty>
      <Quantity>200.00</Quantity>
      <bIsWeighted>0</bIsWeighted>
      <UnitOfMeasure>100 גרם</UnitOfMeasure>
      <QtyInPackage>1</QtyInPackage>
      <ItemPrice>27.90</ItemPrice>
      <UnitOfMeasurePrice>13.95</UnitOfMeasurePrice>
      <AllowDiscount>1</AllowDiscount>
      <ItemStatus>1</ItemStatus>
    </Item>
    <Item>
      <PriceUpdateDate>2025-07-10 11:19</PriceUpdateDate>
      <ItemCode>7290101812340</ItemCode>
      <ItemType>1</ItemType>
      <ItemName>תבנית סיר פלא</ItemName>
      <ManufacturerName>לא ידוע</ManufacturerName>
      <ManufactureCountry>לא ידוע</ManufactureCountry>
      <ManufacturerItemDescription>פטרוצן טרי 700 גרם  </ManufacturerItemDescription>
      <UnitQty>גרמים</UnitQty>
      <Quantity>700.00</Quantity>
      <bIsWeighted>0</bIsWeighted>
      <UnitOfMeasure>100 גרם</UnitOfMeasure>
      <QtyInPackage>1</QtyInPackage>
      <ItemPrice>64.90</ItemPrice>
      <UnitOfMeasurePrice>9.27</UnitOfMeasurePrice>
      <AllowDiscount>1</AllowDiscount>
      <ItemStatus>1</ItemStatus>
    </Item>
    <Item>
      <PriceUpdateDate>2023-07-20 08:38</PriceUpdateDate>
      <ItemCode>7290101864127</ItemCode>
      <ItemType>1</ItemType>
      <ItemName>קליה אוקסי ספריי 750 מל</ItemName>
      <ManufacturerName>לא ידוע</ManufacturerName>
      <ManufactureCountry>לא ידוע</ManufactureCountry>
      <ManufacturerItemDescription>מסיר כתמים קליה וניש</ManufacturerItemDescription>
      <UnitQty>מיליליטרים</UnitQty>
      <Quantity>750.00</Quantity>
      <bIsWeighted>0</bIsWeighted>
      <UnitOfMeasure>100 מ"ל</UnitOfMeasure>
      <QtyInPackage>1</QtyInPackage>
      <ItemPrice>20.90</ItemPrice>
      <UnitOfMeasurePrice>2.79</UnitOfMeasurePrice>
      <AllowDiscount>1</AllowDiscount>
      <ItemStatus>1</ItemStatus>
    </Item>
    <Item>
      <PriceUpdateDate>2023-08-27 16:07</PriceUpdateDate>
      <ItemCode>7290101865261</ItemCode>
      <ItemType>1</ItemType>
      <ItemName>פיניש הברקה 800 מ"ל</ItemName>
      <ManufacturerName>לא ידוע</ManufacturerName>
      <ManufactureCountry>לא ידוע</ManufactureCountry>
      <ManufacturerItemDescription>פיניש נוזל הברקה    </ManufacturerItemDescription>
      <UnitQty>מיליליטרים</UnitQty>
      <Quantity>800.00</Quantity>
      <bIsWeighted>0</bIsWeighted>
      <UnitOfMeasure>100 מ"ל</UnitOfMeasure>
      <QtyInPackage>1</QtyInPackage>
      <ItemPrice>24.90</ItemPrice>
      <UnitOfMeasurePrice>3.11</UnitOfMeasurePrice>
      <AllowDiscount>1</AllowDiscount>
      <ItemStatus>1</ItemStatus>
    </Item>
    <Item>
      <PriceUpdateDate>2024-11-14 12:56</PriceUpdateDate>
      <ItemCode>7290101952121</ItemCode>
      <ItemType>1</ItemType>
      <ItemName>מקסי מיץ</ItemName>
      <ManufacturerName>לא ידוע</ManufacturerName>
      <ManufactureCountry>IL</ManufactureCountry>
      <ManufacturerItemDescription>פטרוצן עם שומן כבש  </ManufacturerItemDescription>
      <UnitQty>גרמים</UnitQty>
      <Quantity>500.00</Quantity>
      <bIsWeighted>0</bIsWeighted>
      <UnitOfMeasure>100 גרם</UnitOfMeasure>
      <QtyInPackage>1</QtyInPackage>
      <ItemPrice>31.90</ItemPrice>
      <UnitOfMeasurePrice>6.38</UnitOfMeasurePrice>
      <AllowDiscount>1</AllowDiscount>
      <ItemStatus>1</ItemStatus>
    </Item>
    <Item>
      <PriceUpdateDate>2024-11-17 13:15</PriceUpdateDate>
      <ItemCode>7290101952176</ItemCode>
      <ItemType>1</ItemType>
      <ItemName>קבנוס ציידים 200 גרם</ItemName>
      <ManufacturerName>לא ידוע</ManufacturerName>
      <ManufactureCountry>לא ידוע</ManufactureCountry>
      <ManufacturerItemDescription>קבנוס ציידים 200 גרם</ManufacturerItemDescription>
      <UnitQty>גרמים</UnitQty>
      <Quantity>200.00</Quantity>
      <bIsWeighted>0</bIsWeighted>
      <UnitOfMeasure>100 גרם</UnitOfMeasure>
      <QtyInPackage>1</QtyInPackage>
      <ItemPrice>32.90</ItemPrice>
      <UnitOfMeasurePrice>16.45</UnitOfMeasurePrice>
      <AllowDiscount>1</AllowDiscount>
      <ItemStatus>1</ItemStatus>
    </Item>
    <Item>
      <PriceUpdateDate>2025-03-06 07:44</PriceUpdateDate>
      <ItemCode>7290101952497</ItemCode>
      <ItemType>1</ItemType>
      <ItemName>גרגרי חומוס טבעפרוסט 800 כר</ItemName>
      <ManufacturerName>לא ידוע</ManufacturerName>
      <ManufactureCountry />
      <ManufacturerItemDescription>גרגרי חומוס טבעפרוסט</ManufacturerItemDescription>
      <UnitQty>גרמים</UnitQty>
      <Quantity>800.00</Quantity>
      <bIsWeighted>0</bIsWeighted>
      <UnitOfMeasure>100 גרם</UnitOfMeasure>
      <QtyInPackage>1</QtyInPackage>
      <ItemPrice>19.50</ItemPrice>
      <UnitOfMeasurePrice>2.44</UnitOfMeasurePrice>
      <AllowDiscount>1</AllowDiscount>
      <ItemStatus>1</ItemStatus>
    </Item>
    <Item>
      <PriceUpdateDate>2025-03-06 07:44</PriceUpdateDate>
      <ItemCode>7290101952510</ItemCode>
      <ItemType>1</ItemType>
      <ItemName>לקט פרובנס טבעפרוסט 800 גר</ItemName>
      <ManufacturerName>לא ידוע</ManufacturerName>
      <ManufactureCountry />
      <ManufacturerItemDescription>לקט פרובנס טבעפרוסט </ManufacturerItemDescription>
      <UnitQty>גרמים</UnitQty>
      <Quantity>800.00</Quantity>
      <bIsWeighted>0</bIsWeighted>
      <UnitOfMeasure>100 גרם</UnitOfMeasure>
      <QtyInPackage>1</QtyInPackage>
      <ItemPrice>26.90</ItemPrice>
      <UnitOfMeasurePrice>3.36</UnitOfMeasurePrice>
      <AllowDiscount>1</AllowDiscount>
      <ItemStatus>1</ItemStatus>
    </Item>
    <Item>
      <PriceUpdateDate>2025-03-06 07:44</PriceUpdateDate>
      <ItemCode>7290101952527</ItemCode>
      <ItemType>1</ItemType>
      <ItemName>לקט בסגנון אסייתי טבעפרוסט 800 גר</ItemName>
      <ManufacturerName>לא ידוע</ManufacturerName>
      <ManufactureCountry />
      <ManufacturerItemDescription>לקט בסגנון אסייתי טב</ManufacturerItemDescription>
      <UnitQty>גרמים</UnitQty>
      <Quantity>800.00</Quantity>
      <bIsWeighted>0</bIsWeighted>
      <UnitOfMeasure>100 גרם</UnitOfMeasure>
      <QtyInPackage>1</QtyInPackage>
      <ItemPrice>26.90</ItemPrice>
      <UnitOfMeasurePrice>3.36</UnitOfMeasurePrice>
      <AllowDiscount>1</AllowDiscount>
      <ItemStatus>1</ItemStatus>
    </Item>
    <Item>
      <PriceUpdateDate>2025-02-24 11:06</PriceUpdateDate>
      <ItemCode>7290101952657</ItemCode>
      <ItemType>1</ItemType>
      <ItemName>פטרוצן אמיתי קפוא 700 גרם</ItemName>
      <ManufacturerName>לא ידוע</ManufacturerName>
      <ManufactureCountry>IL</ManufactureCountry>
      <ManufacturerItemDescription>פטרוצן אמיתי קפוא   </ManufacturerItemDescription>
      <UnitQty>גרמים</UnitQty>
      <Quantity>700.00</Quantity>
      <bIsWeighted>0</bIsWeighted>
      <UnitOfMeasure>100 גרם</UnitOfMeasure>
      <QtyInPackage>1</QtyInPackage>
      <ItemPrice>68.90</ItemPrice>
      <UnitOfMeasurePrice>9.84</UnitOfMeasurePrice>
      <AllowDiscount>1</AllowDiscount>
      <ItemStatus>1</ItemStatus>
    </Item>
    <Item>
      <PriceUpdateDate>2025-01-29 07:01</PriceUpdateDate>
      <ItemCode>7290102030330</ItemCode>
      <ItemType>1</ItemType>
      <ItemName>תפוציפס קראנצ מקסיקני 200 גרם</ItemName>
      <ManufacturerName>לא ידוע</ManufacturerName>
      <ManufactureCountry>לא ידוע</ManufactureCountry>
      <ManufacturerItemDescription>תפוציפס קראנצ מקסיקנ</ManufacturerItemDescription>
      <UnitQty>גרמים</UnitQty>
      <Quantity>200.00</Quantity>
      <bIsWeighted>0</bIsWeighted>
      <UnitOfMeasure>100 גרם</UnitOfMeasure>
      <QtyInPackage>1</QtyInPackage>
      <ItemPrice>12.50</ItemPrice>
      <UnitOfMeasurePrice>6.25</UnitOfMeasurePrice>
      <AllowDiscount>1</AllowDiscount>
      <ItemStatus>1</ItemStatus>
    </Item>
    <Item>
      <PriceUpdateDate>2025-01-14 08:31</PriceUpdateDate>
      <ItemCode>7290102031276</ItemCode>
      <ItemType>1</ItemType>
      <ItemName>אקטימל תות בננה</ItemName>
      <ManufacturerName>לא ידוע</ManufacturerName>
      <ManufactureCountry>לא ידוע</ManufactureCountry>
      <ManufacturerItemDescription>שמיניית אקטימל תות  </ManufacturerItemDescription>
      <UnitQty>גרמים</UnitQty>
      <Quantity>850.00</Quantity>
      <bIsWeighted>0</bIsWeighted>
      <UnitOfMeasure>100 גרם</UnitOfMeasure>
      <QtyInPackage>1</QtyInPackage>
      <ItemPrice>23.20</ItemPrice>
      <UnitOfMeasurePrice>2.73</UnitOfMeasurePrice>
      <AllowDiscount>1</AllowDiscount>
      <ItemStatus>1</ItemStatus>
    </Item>
    <Item>
      <PriceUpdateDate>2024-02-07 16:56</PriceUpdateDate>
      <ItemCode>7290102300822</ItemCode>
      <ItemType>1</ItemType>
      <ItemName>צדר אנגלית כתומה 200 גר</ItemName>
      <ManufacturerName>לא ידוע</ManufacturerName>
      <ManufactureCountry>לא ידוע</ManufactureCountry>
      <ManufacturerItemDescription>צדר אנגלית כתומה 200</ManufacturerItemDescription>
      <UnitQty>גרמים</UnitQty>
      <Quantity>200.00</Quantity>
      <bIsWeighted>0</bIsWeighted>
      <UnitOfMeasure>100 גרם</UnitOfMeasure>
      <QtyInPackage>1</QtyInPackage>
      <ItemPrice>29.90</ItemPrice>
      <UnitOfMeasurePrice>14.95</UnitOfMeasurePrice>
      <AllowDiscount>1</AllowDiscount>
      <ItemStatus>1</ItemStatus>
    </Item>
    <Item>
      <PriceUpdateDate>2025-03-20 12:19</PriceUpdateDate>
      <ItemCode>7290102300884</ItemCode>
      <ItemType>1</ItemType>
      <ItemName>צדר אנגלי כתום במשקל</ItemName>
      <ManufacturerName>לא ידוע</ManufacturerName>
      <ManufactureCountry>לא ידוע</ManufactureCountry>
      <ManufacturerItemDescription>צדר אנגלי כתום במשקל</ManufacturerItemDescription>
      <UnitQty>Unknown</UnitQty>
      <Quantity>0.00</Quantity>
      <bIsWeighted>1</bIsWeighted>
      <UnitOfMeasure>ק"ג</UnitOfMeasure>
      <QtyInPackage>0</QtyInPackage>
      <ItemPrice>159.00</ItemPrice>
      <UnitOfMeasurePrice>159.00</UnitOfMeasurePrice>
      <AllowDiscount>1</AllowDiscount>
      <ItemStatus>1</ItemStatus>
    </Item>
    <Item>
      <PriceUpdateDate>2025-03-11 08:29</PriceUpdateDate>
      <ItemCode>7290102303878</ItemCode>
      <ItemType>1</ItemType>
      <ItemName>אלוויר חמאה נורמנדי 200 גר</ItemName>
      <ManufacturerName>לא ידוע</ManufacturerName>
      <ManufactureCountry>לא ידוע</ManufactureCountry>
      <ManufacturerItemDescription>אלוויר חמאה נורמנדי </ManufacturerItemDescription>
      <UnitQty>גרמים</UnitQty>
      <Quantity>200.00</Quantity>
      <bIsWeighted>0</bIsWeighted>
      <UnitOfMeasure>100 גרם</UnitOfMeasure>
      <QtyInPackage>1</QtyInPackage>
      <ItemPrice>26.90</ItemPrice>
      <UnitOfMeasurePrice>13.45</UnitOfMeasurePrice>
      <AllowDiscount>1</AllowDiscount>
      <ItemStatus>1</ItemStatus>
    </Item>
    <Item>
      <PriceUpdateDate>2025-01-29 07:01</PriceUpdateDate>
      <ItemCode>7290102304875</ItemCode>
      <ItemType>1</ItemType>
      <ItemName>מארז 3 יחידות טונוה בשמן זית 240 גרם</ItemName>
      <ManufacturerName>לא ידוע</ManufacturerName>
      <ManufactureCountry>פורטוגל</ManufactureCountry>
      <ManufacturerItemDescription>מארז 3 יחידות טונוה </ManufacturerItemDescription>
      <UnitQty>גרמים</UnitQty>
      <Quantity>240.00</Quantity>
      <bIsWeighted>0</bIsWeighted>
      <UnitOfMeasure>100 גרם</UnitOfMeasure>
      <QtyInPackage>1</QtyInPackage>
      <ItemPrice>31.90</ItemPrice>
      <UnitOfMeasurePrice>13.29</UnitOfMeasurePrice>
      <AllowDiscount>1</AllowDiscount>
      <ItemStatus>1</ItemStatus>
    </Item>
    <Item>
      <PriceUpdateDate>2025-05-23 08:10</PriceUpdateDate>
      <ItemCode>7290102390427</ItemCode>
      <ItemType>1</ItemType>
      <ItemName>יוגורט מולר פרופ בטעם תות 150גר</ItemName>
      <ManufacturerName>לא ידוע</ManufacturerName>
      <ManufactureCountry>IL</ManufactureCountry>
      <ManufacturerItemDescription>יוגורט מולר פרופ בטע</ManufacturerItemDescription>
      <UnitQty>גרמים</UnitQty>
      <Quantity>150.00</Quantity>
      <bIsWeighted>0</bIsWeighted>
      <UnitOfMeasure>100 גרם</UnitOfMeasure>
      <QtyInPackage>1</QtyInPackage>
      <ItemPrice>6.40</ItemPrice>
      <UnitOfMeasurePrice>4.27</UnitOfMeasurePrice>
      <AllowDiscount>1</AllowDiscount>
      <ItemStatus>1</ItemStatus>
    </Item>
    <Item>
      <PriceUpdateDate>2025-05-23 08:10</PriceUpdateDate>
      <ItemCode>7290102390465</ItemCode>
      <ItemType>1</ItemType>
      <ItemName>פרופ אפרסק פסיפלורה מולר 150 מ"ל</ItemName>
      <ManufacturerName>לא ידוע</ManufacturerName>
      <ManufactureCountry>IL</ManufactureCountry>
      <ManufacturerItemDescription>פרופ אפרסק פסיפלורה </ManufacturerItemDescription>
      <UnitQty>מיליליטרים</UnitQty>
      <Quantity>150.00</Quantity>
      <bIsWeighted>0</bIsWeighted>
      <UnitOfMeasure>100 מ"ל</UnitOfMeasure>
      <QtyInPackage>1</QtyInPackage>
      <ItemPrice>6.40</ItemPrice>
      <UnitOfMeasurePrice>4.27</UnitOfMeasurePrice>
      <AllowDiscount>1</AllowDiscount>
      <ItemStatus>1</ItemStatus>
    </Item>
    <Item>
      <PriceUpdateDate>2025-05-23 08:10</PriceUpdateDate>
      <ItemCode>7290102391844</ItemCode>
      <ItemType>1</ItemType>
      <ItemName>פרופ  מולר פירות יער 150 מ"ל</ItemName>
      <ManufacturerName>לא ידוע</ManufacturerName>
      <ManufactureCountry>לא ידוע</ManufactureCountry>
      <ManufacturerItemDescription>פרופ  מולר פירות יער</ManufacturerItemDescription>
      <UnitQty>גרמים</UnitQty>
      <Quantity>150.00</Quantity>
      <bIsWeighted>0</bIsWeighted>
      <UnitOfMeasure>100 גרם</UnitOfMeasure>
      <QtyInPackage>1</QtyInPackage>
      <ItemPrice>6.40</ItemPrice>
      <UnitOfMeasurePrice>4.27</UnitOfMeasurePrice>
      <AllowDiscount>1</AllowDiscount>
      <ItemStatus>1</ItemStatus>
    </Item>
    <Item>
      <PriceUpdateDate>2025-06-25 06:24</PriceUpdateDate>
      <ItemCode>7290102392049</ItemCode>
      <ItemType>1</ItemType>
      <ItemName>צוריאל תבור גבינה לאפיה 500גר</ItemName>
      <ManufacturerName>לא ידוע</ManufacturerName>
      <ManufactureCountry>לא ידוע</ManufactureCountry>
      <ManufacturerItemDescription>צוריאל תבור גבינה לא</ManufacturerItemDescription>
      <UnitQty>גרמים</UnitQty>
      <Quantity>500.00</Quantity>
      <bIsWeighted>0</bIsWeighted>
      <UnitOfMeasure>100 גרם</UnitOfMeasure>
      <QtyInPackage>1</QtyInPackage>
      <ItemPrice>32.90</ItemPrice>
      <UnitOfMeasurePrice>6.58</UnitOfMeasurePrice>
      <AllowDiscount>1</AllowDiscount>
      <ItemStatus>1</ItemStatus>
    </Item>
    <Item>
      <PriceUpdateDate>2025-05-21 08:43</PriceUpdateDate>
      <ItemCode>7290102392094</ItemCode>
      <ItemType>1</ItemType>
      <ItemName>חלב עיזים בקרטון 1ל</ItemName>
      <ManufacturerName>לא ידוע</ManufacturerName>
      <ManufactureCountry>ישראל</ManufactureCountry>
      <ManufacturerItemDescription>חלב עיזים בקרטון 1ל </ManufacturerItemDescription>
      <UnitQty>מיליליטרים</UnitQty>
      <Quantity>1000.00</Quantity>
      <bIsWeighted>0</bIsWeighted>
      <UnitOfMeasure>100 מ"ל</UnitOfMeasure>
      <QtyInPackage>1</QtyInPackage>
      <ItemPrice>21.50</ItemPrice>
      <UnitOfMeasurePrice>2.15</UnitOfMeasurePrice>
      <AllowDiscount>1</AllowDiscount>
      <ItemStatus>1</ItemStatus>
    </Item>
    <Item>
      <PriceUpdateDate>2025-05-21 08:27</PriceUpdateDate>
      <ItemCode>7290102393176</ItemCode>
      <ItemType>1</ItemType>
      <ItemName>SIMPLY FRUIT מולר בטעם אפרסק 3% 150 גר</ItemName>
      <ManufacturerName>לא ידוע</ManufacturerName>
      <ManufactureCountry>לא ידוע</ManufactureCountry>
      <ManufacturerItemDescription>SIMPLY FRUIT מולר בט</ManufacturerItemDescription>
      <UnitQty>מיליליטרים</UnitQty>
      <Quantity>150.00</Quantity>
      <bIsWeighted>0</bIsWeighted>
      <UnitOfMeasure>100 מ"ל</UnitOfMeasure>
      <QtyInPackage>1</QtyInPackage>
      <ItemPrice>6.40</ItemPrice>
      <UnitOfMeasurePrice>4.27</UnitOfMeasurePrice>
      <AllowDiscount>1</AllowDiscount>
      <ItemStatus>1</ItemStatus>
    </Item>
    <Item>
      <PriceUpdateDate>2025-05-23 08:10</PriceUpdateDate>
      <ItemCode>7290102394821</ItemCode>
      <ItemType>1</ItemType>
      <ItemName>נעם גבינה צהובה דק דק פ"ח 28% 200 גר</ItemName>
      <ManufacturerName>לא ידוע</ManufacturerName>
      <ManufactureCountry>לא ידוע</ManufactureCountry>
      <ManufacturerItemDescription>נעם גבינה צהובה דק ד</ManufacturerItemDescription>
      <UnitQty>גרמים</UnitQty>
      <Quantity>200.00</Quantity>
      <bIsWeighted>0</bIsWeighted>
      <UnitOfMeasure>100 גרם</UnitOfMeasure>
      <QtyInPackage>1</QtyInPackage>
      <ItemPrice>21.70</ItemPrice>
      <UnitOfMeasurePrice>10.85</UnitOfMeasurePrice>
      <AllowDiscount>1</AllowDiscount>
      <ItemStatus>1</ItemStatus>
    </Item>
    <Item>
      <PriceUpdateDate>2025-05-23 08:10</PriceUpdateDate>
      <ItemCode>7290102394845</ItemCode>
      <ItemType>1</ItemType>
      <ItemName>נעם גבינה צהובה דק דק 9% 200 גר</ItemName>
      <ManufacturerName>לא ידוע</ManufacturerName>
      <ManufactureCountry>לא ידוע</ManufactureCountry>
      <ManufacturerItemDescription>נעם גבינה צהובה דק ד</ManufacturerItemDescription>
      <UnitQty>גרמים</UnitQty>
      <Quantity>200.00</Quantity>
      <bIsWeighted>0</bIsWeighted>
      <UnitOfMeasure>100 גרם</UnitOfMeasure>
      <QtyInPackage>1</QtyInPackage>
      <ItemPrice>22.70</ItemPrice>
      <UnitOfMeasurePrice>11.35</UnitOfMeasurePrice>
      <AllowDiscount>1</AllowDiscount>
      <ItemStatus>1</ItemStatus>
    </Item>
    <Item>
      <PriceUpdateDate>2025-06-25 06:24</PriceUpdateDate>
      <ItemCode>7290102396665</ItemCode>
      <ItemType>1</ItemType>
      <ItemName>גבינה צהובה נעם דק דק 15% 200 גר</ItemName>
      <ManufacturerName>לא ידוע</ManufacturerName>
      <ManufactureCountry>לא ידוע</ManufactureCountry>
      <ManufacturerItemDescription>גבינה צהובה נעם דק ד</ManufacturerItemDescription>
      <UnitQty>גרמים</UnitQty>
      <Quantity>200.00</Quantity>
      <bIsWeighted>0</bIsWeighted>
      <UnitOfMeasure>100 גרם</UnitOfMeasure>
      <QtyInPackage>1</QtyInPackage>
      <ItemPrice>22.70</ItemPrice>
      <UnitOfMeasurePrice>11.35</UnitOfMeasurePrice>
      <AllowDiscount>1</AllowDiscount>
      <ItemStatus>1</ItemStatus>
    </Item>
    <Item>
      <PriceUpdateDate>2025-06-25 06:24</PriceUpdateDate>
      <ItemCode>7290102397204</ItemCode>
      <ItemType>1</ItemType>
      <ItemName>גבינה צהובה נעם דק דק 22% 200 גר</ItemName>
      <ManufacturerName>לא ידוע</ManufacturerName>
      <ManufactureCountry>לא ידוע</ManufactureCountry>
      <ManufacturerItemDescription>גבינה צהובה נעם דק ד</ManufacturerItemDescription>
      <UnitQty>גרמים</UnitQty>
      <Quantity>200.00</Quantity>
      <bIsWeighted>0</bIsWeighted>
      <UnitOfMeasure>100 גרם</UnitOfMeasure>
      <QtyInPackage>1</QtyInPackage>
      <ItemPrice>22.70</ItemPrice>
      <UnitOfMeasurePrice>11.35</UnitOfMeasurePrice>
      <AllowDiscount>1</AllowDiscount>
      <ItemStatus>1</ItemStatus>
    </Item>
    <Item>
      <PriceUpdateDate>2025-05-21 08:27</PriceUpdateDate>
      <ItemCode>7290102397464</ItemCode>
      <ItemType>1</ItemType>
      <ItemName>מולר נטורל+ פקאן גרעינים וחמוציות 170 גר</ItemName>
      <ManufacturerName>לא ידוע</ManufacturerName>
      <ManufactureCountry>לא ידוע</ManufactureCountry>
      <ManufacturerItemDescription>מולר נטורל+ פקאן    </ManufacturerItemDescription>
      <UnitQty>גרמים</UnitQty>
      <Quantity>170.00</Quantity>
      <bIsWeighted>0</bIsWeighted>
      <UnitOfMeasure>100 גרם</UnitOfMeasure>
      <QtyInPackage>1</QtyInPackage>
      <ItemPrice>7.20</ItemPrice>
      <UnitOfMeasurePrice>4.24</UnitOfMeasurePrice>
      <AllowDiscount>1</AllowDiscount>
      <ItemStatus>1</ItemStatus>
    </Item>
    <Item>
      <PriceUpdateDate>2025-05-23 08:10</PriceUpdateDate>
      <ItemCode>7290102397600</ItemCode>
      <ItemType>1</ItemType>
      <ItemName>מולר מיקס שקדים ובוטנים מקורמלים 170 גר</ItemName>
      <ManufacturerName>לא ידוע</ManufacturerName>
      <ManufactureCountry>לא ידוע</ManufactureCountry>
      <ManufacturerItemDescription>מולר מיקס שקדים ובוט</ManufacturerItemDescription>
      <UnitQty>גרמים</UnitQty>
      <Quantity>170.00</Quantity>
      <bIsWeighted>0</bIsWeighted>
      <UnitOfMeasure>100 גרם</UnitOfMeasure>
      <QtyInPackage>1</QtyInPackage>
      <ItemPrice>7.20</ItemPrice>
      <UnitOfMeasurePrice>4.24</UnitOfMeasurePrice>
      <AllowDiscount>1</AllowDiscount>
      <ItemStatus>1</ItemStatus>
    </Item>
    <Item>
      <PriceUpdateDate>2025-05-23 08:10</PriceUpdateDate>
      <ItemCode>7290102397747</ItemCode>
      <ItemType>1</ItemType>
      <ItemName>מוצרלה נעם רכיבים טבעיים 200 גרם</ItemName>
      <ManufacturerName>לא ידוע</ManufacturerName>
      <ManufactureCountry>לא ידוע</ManufactureCountry>
      <ManufacturerItemDescription>מוצרלה נעם רכיבים   </ManufacturerItemDescription>
      <UnitQty>גרמים</UnitQty>
      <Quantity>200.00</Quantity>
      <bIsWeighted>0</bIsWeighted>
      <UnitOfMeasure>100 גרם</UnitOfMeasure>
      <QtyInPackage>1</QtyInPackage>
      <ItemPrice>24.50</ItemPrice>
      <UnitOfMeasurePrice>12.25</UnitOfMeasurePrice>
      <AllowDiscount>1</AllowDiscount>
      <ItemStatus>1</ItemStatus>
    </Item>
    <Item>
      <PriceUpdateDate>2025-05-23 08:10</PriceUpdateDate>
      <ItemCode>7290102398560</ItemCode>
      <ItemType>1</ItemType>
      <ItemName>שוקו מועשר טרה 1 ליטר</ItemName>
      <ManufacturerName>לא ידוע</ManufacturerName>
      <ManufactureCountry>ישראל</ManufactureCountry>
      <ManufacturerItemDescription>שוקו מועשר טרה 1 ליט</ManufacturerItemDescription>
      <UnitQty>מיליליטרים</UnitQty>
      <Quantity>1000.00</Quantity>
      <bIsWeighted>0</bIsWeighted>
      <UnitOfMeasure>100 מ"ל</UnitOfMeasure>
      <QtyInPackage>1</QtyInPackage>
      <ItemPrice>14.90</ItemPrice>
      <UnitOfMeasurePrice>1.49</UnitOfMeasurePrice>
      <AllowDiscount>1</AllowDiscount>
      <ItemStatus>1</ItemStatus>
    </Item>
    <Item>
      <PriceUpdateDate>2025-05-21 08:42</PriceUpdateDate>
      <ItemCode>7290102399796</ItemCode>
      <ItemType>1</ItemType>
      <ItemName>מולר אקטיב יוגורט חלבון לבן 200 גרם</ItemName>
      <ManufacturerName>לא ידוע</ManufacturerName>
      <ManufactureCountry>ישראל</ManufactureCountry>
      <ManufacturerItemDescription>מולר אקטיב יוגורט חל</ManufacturerItemDescription>
      <UnitQty>גרמים</UnitQty>
      <Quantity>200.00</Quantity>
      <bIsWeighted>0</bIsWeighted>
      <UnitOfMeasure>100 גרם</UnitOfMeasure>
      <QtyInPackage>1</QtyInPackage>
      <ItemPrice>7.90</ItemPrice>
      <UnitOfMeasurePrice>3.95</UnitOfMeasurePrice>
      <AllowDiscount>1</AllowDiscount>
      <ItemStatus>1</ItemStatus>
    </Item>
    <Item>
      <PriceUpdateDate>2025-08-13 14:52</PriceUpdateDate>
      <ItemCode>7290102601547</ItemCode>
      <ItemType>1</ItemType>
      <ItemName>כפיות פרמיום שקוף/קר</ItemName>
      <ManufacturerName>לא ידוע</ManufacturerName>
      <ManufactureCountry>טורקיה</ManufactureCountry>
      <ManufacturerItemDescription>כפיות פרמיום שקוף/קר</ManufacturerItemDescription>
      <UnitQty>Unknown</UnitQty>
      <Quantity>0.00</Quantity>
      <bIsWeighted>0</bIsWeighted>
      <UnitOfMeasure>Unknown</UnitOfMeasure>
      <QtyInPackage>1</QtyInPackage>
      <ItemPrice>9.90</ItemPrice>
      <UnitOfMeasurePrice>9.90</UnitOfMeasurePrice>
      <AllowDiscount>1</AllowDiscount>
      <ItemStatus>1</ItemStatus>
    </Item>
    <Item>
      <PriceUpdateDate>2024-12-01 09:06</PriceUpdateDate>
      <ItemCode>7290102611836</ItemCode>
      <ItemType>1</ItemType>
      <ItemName>להבונים בשקית 50 יח </ItemName>
      <ManufacturerName>לא ידוע</ManufacturerName>
      <ManufactureCountry>סין</ManufactureCountry>
      <ManufacturerItemDescription>להבונים בשקית 50 יח </ManufacturerItemDescription>
      <UnitQty>Unknown</UnitQty>
      <Quantity>1.00</Quantity>
      <bIsWeighted>0</bIsWeighted>
      <UnitOfMeasure>Unknown</UnitOfMeasure>
      <QtyInPackage>1</QtyInPackage>
      <ItemPrice>13.90</ItemPrice>
      <UnitOfMeasurePrice>13.90</UnitOfMeasurePrice>
      <AllowDiscount>1</AllowDiscount>
      <ItemStatus>1</ItemStatus>
    </Item>
    <Item>
      <PriceUpdateDate>2021-01-20 21:12</PriceUpdateDate>
      <ItemCode>7290103404758</ItemCode>
      <ItemType>1</ItemType>
      <ItemName>כרוב אדום 120 גר</ItemName>
      <ManufacturerName>לא ידוע</ManufacturerName>
      <ManufactureCountry>לא ידוע</ManufactureCountry>
      <ManufacturerItemDescription>כרוב אדום 120 גר    </ManufacturerItemDescription>
      <UnitQty>גרמים</UnitQty>
      <Quantity>125.00</Quantity>
      <bIsWeighted>0</bIsWeighted>
      <UnitOfMeasure>100 גרם</UnitOfMeasure>
      <QtyInPackage>1</QtyInPackage>
      <ItemPrice>5.80</ItemPrice>
      <UnitOfMeasurePrice>4.64</UnitOfMeasurePrice>
      <AllowDiscount>1</AllowDiscount>
      <ItemStatus>1</ItemStatus>
    </Item>
    <Item>
      <PriceUpdateDate>2024-01-08 10:58</PriceUpdateDate>
      <ItemCode>7290103408206</ItemCode>
      <ItemType>1</ItemType>
      <ItemName>עלי חסה שטופים בקופסה 250גר</ItemName>
      <ManufacturerName>לא ידוע</ManufacturerName>
      <ManufactureCountry>לא ידוע</ManufactureCountry>
      <ManufacturerItemDescription>עלי חסה שטופים בקופס</ManufacturerItemDescription>
      <UnitQty>יחידה</UnitQty>
      <Quantity>1.00</Quantity>
      <bIsWeighted>0</bIsWeighted>
      <UnitOfMeasure>יחידה</UnitOfMeasure>
      <QtyInPackage>1</QtyInPackage>
      <ItemPrice>13.90</ItemPrice>
      <UnitOfMeasurePrice>13.90</UnitOfMeasurePrice>
      <AllowDiscount>1</AllowDiscount>
      <ItemStatus>1</ItemStatus>
    </Item>
    <Item>
      <PriceUpdateDate>2024-02-15 17:21</PriceUpdateDate>
      <ItemCode>7290104061417</ItemCode>
      <ItemType>1</ItemType>
      <ItemName>חומוס טחינה 400 גר</ItemName>
      <ManufacturerName>לא ידוע</ManufacturerName>
      <ManufactureCountry>לא ידוע</ManufactureCountry>
      <ManufacturerItemDescription>חומוס טחינה 400 גר  </ManufacturerItemDescription>
      <UnitQty>גרמים</UnitQty>
      <Quantity>400.00</Quantity>
      <bIsWeighted>0</bIsWeighted>
      <UnitOfMeasure>100 גרם</UnitOfMeasure>
      <QtyInPackage>1</QtyInPackage>
      <ItemPrice>14.50</ItemPrice>
      <UnitOfMeasurePrice>3.63</UnitOfMeasurePrice>
      <AllowDiscount>1</AllowDiscount>
      <ItemStatus>1</ItemStatus>
    </Item>
    <Item>
      <PriceUpdateDate>2024-02-16 17:54</PriceUpdateDate>
      <ItemCode>7290104061431</ItemCode>
      <ItemType>1</ItemType>
      <ItemName>חומוס צנובר 400 גר</ItemName>
      <ManufacturerName>לא ידוע</ManufacturerName>
      <ManufactureCountry>לא ידוע</ManufactureCountry>
      <ManufacturerItemDescription>חומוס צנובר 400 גר  </ManufacturerItemDescription>
      <UnitQty>גרמים</UnitQty>
      <Quantity>400.00</Quantity>
      <bIsWeighted>0</bIsWeighted>
      <UnitOfMeasure>100 גרם</UnitOfMeasure>
      <QtyInPackage>1</QtyInPackage>
      <ItemPrice>14.50</ItemPrice>
      <UnitOfMeasurePrice>3.63</UnitOfMeasurePrice>
      <AllowDiscount>1</AllowDiscount>
      <ItemStatus>1</ItemStatus>
    </Item>
    <Item>
      <PriceUpdateDate>2025-03-03 07:00</PriceUpdateDate>
      <ItemCode>7290104061448</ItemCode>
      <ItemType>1</ItemType>
      <ItemName>חומוס חריף 400 גרם</ItemName>
      <ManufacturerName>לא ידוע</ManufacturerName>
      <ManufactureCountry>לא ידוע</ManufactureCountry>
      <ManufacturerItemDescription>חומוס חריף 400 גרם  </ManufacturerItemDescription>
      <UnitQty>גרמים</UnitQty>
      <Quantity>400.00</Quantity>
      <bIsWeighted>0</bIsWeighted>
      <UnitOfMeasure>100 גרם</UnitOfMeasure>
      <QtyInPackage>1</QtyInPackage>
      <ItemPrice>14.50</ItemPrice>
      <UnitOfMeasurePrice>3.63</UnitOfMeasurePrice>
      <AllowDiscount>1</AllowDiscount>
      <ItemStatus>1</ItemStatus>
    </Item>
    <Item>
      <PriceUpdateDate>2023-01-17 16:00</PriceUpdateDate>
      <ItemCode>7290104065934</ItemCode>
      <ItemType>1</ItemType>
      <ItemName>עלי רוקט 150גר</ItemName>
      <ManufacturerName>לא ידוע</ManufacturerName>
      <ManufactureCountry>לא ידוע</ManufactureCountry>
      <ManufacturerItemDescription>עלי רוקט 150גר      </ManufacturerItemDescription>
      <UnitQty>גרמים</UnitQty>
      <Quantity>150.00</Quantity>
      <bIsWeighted>0</bIsWeighted>
      <UnitOfMeasure>100 גרם</UnitOfMeasure>
      <QtyInPackage>1</QtyInPackage>
      <ItemPrice>12.90</ItemPrice>
      <UnitOfMeasurePrice>8.60</UnitOfMeasurePrice>
      <AllowDiscount>1</AllowDiscount>
      <ItemStatus>1</ItemStatus>
    </Item>
    <Item>
      <PriceUpdateDate>2025-08-13 14:51</PriceUpdateDate>
      <ItemCode>7290104067198</ItemCode>
      <ItemType>1</ItemType>
      <ItemName>שוקולד ספלנדיד מריר בטעם תפוז 100 גר</ItemName>
      <ManufacturerName>לא ידוע</ManufacturerName>
      <ManufactureCountry>לא ידוע</ManufactureCountry>
      <ManufacturerItemDescription>שוקולד ספלנדיד מריר </ManufacturerItemDescription>
      <UnitQty>גרמים</UnitQty>
      <Quantity>100.00</Quantity>
      <bIsWeighted>0</bIsWeighted>
      <UnitOfMeasure>100 גרם</UnitOfMeasure>
      <QtyInPackage>1</QtyInPackage>
      <ItemPrice>19.90</ItemPrice>
      <UnitOfMeasurePrice>19.90</UnitOfMeasurePrice>
      <AllowDiscount>1</AllowDiscount>
      <ItemStatus>1</ItemStatus>
    </Item>
    <Item>
      <PriceUpdateDate>2025-06-06 05:55</PriceUpdateDate>
      <ItemCode>7290104500572</ItemCode>
      <ItemType>1</ItemType>
      <ItemName>חטיף אפרופו איטליאנו 50 גרם</ItemName>
      <ManufacturerName>לא ידוע</ManufacturerName>
      <ManufactureCountry>לא ידוע</ManufactureCountry>
      <ManufacturerItemDescription>חטיף אפרופו איטליאנו</ManufacturerItemDescription>
      <UnitQty>גרמים</UnitQty>
      <Quantity>50.00</Quantity>
      <bIsWeighted>0</bIsWeighted>
      <UnitOfMeasure>100 גרם</UnitOfMeasure>
      <QtyInPackage>1</QtyInPackage>
      <ItemPrice>7.90</ItemPrice>
      <UnitOfMeasurePrice>15.80</UnitOfMeasurePrice>
      <AllowDiscount>1</AllowDiscount>
      <ItemStatus>1</ItemStatus>
    </Item>
    <Item>
      <PriceUpdateDate>2023-01-23 15:59</PriceUpdateDate>
      <ItemCode>7290104501661</ItemCode>
      <ItemType>1</ItemType>
      <ItemName>פודינג אינסטנט בטעם וניל צרפתי 80 גר</ItemName>
      <ManufacturerName>לא ידוע</ManufacturerName>
      <ManufactureCountry>לא ידוע</ManufactureCountry>
      <ManufacturerItemDescription>פודינג אינסטנט בטעם </ManufacturerItemDescription>
      <UnitQty>גרמים</UnitQty>
      <Quantity>80.00</Quantity>
      <bIsWeighted>0</bIsWeighted>
      <UnitOfMeasure>100 גרם</UnitOfMeasure>
      <QtyInPackage>1</QtyInPackage>
      <ItemPrice>6.30</ItemPrice>
      <UnitOfMeasurePrice>7.88</UnitOfMeasurePrice>
      <AllowDiscount>1</AllowDiscount>
      <ItemStatus>1</ItemStatus>
    </Item>
    <Item>
      <PriceUpdateDate>2025-06-06 05:56</PriceUpdateDate>
      <ItemCode>7290104504228</ItemCode>
      <ItemType>1</ItemType>
      <ItemName>מארז דובונים 20 גר*5</ItemName>
      <ManufacturerName>לא ידוע</ManufacturerName>
      <ManufactureCountry>לא ידוע</ManufactureCountry>
      <ManufacturerItemDescription>מארז דובונים 20 גר*5</ManufacturerItemDescription>
      <UnitQty>גרמים</UnitQty>
      <Quantity>100.00</Quantity>
      <bIsWeighted>0</bIsWeighted>
      <UnitOfMeasure>100 גרם</UnitOfMeasure>
      <QtyInPackage>1</QtyInPackage>
      <ItemPrice>18.90</ItemPrice>
      <UnitOfMeasurePrice>18.90</UnitOfMeasurePrice>
      <AllowDiscount>1</AllowDiscount>
      <ItemStatus>1</ItemStatus>
    </Item>
    <Item>
      <PriceUpdateDate>2025-06-06 05:57</PriceUpdateDate>
      <ItemCode>7290104508943</ItemCode>
      <ItemType>1</ItemType>
      <ItemName>במבה קלאסי 200 גרם</ItemName>
      <ManufacturerName>לא ידוע</ManufacturerName>
      <ManufactureCountry>לא ידוע</ManufactureCountry>
      <ManufacturerItemDescription>במבה קלאסי 200 גרם  </ManufacturerItemDescription>
      <UnitQty>גרמים</UnitQty>
      <Quantity>200.00</Quantity>
      <bIsWeighted>0</bIsWeighted>
      <UnitOfMeasure>100 גרם</UnitOfMeasure>
      <QtyInPackage>1</QtyInPackage>
      <ItemPrice>12.90</ItemPrice>
      <UnitOfMeasurePrice>6.45</UnitOfMeasurePrice>
      <AllowDiscount>1</AllowDiscount>
      <ItemStatus>1</ItemStatus>
    </Item>
    <Item>
      <PriceUpdateDate>2023-08-20 11:27</PriceUpdateDate>
      <ItemCode>7290104721953</ItemCode>
      <ItemType>1</ItemType>
      <ItemName>לקט מסולסלים 350 גר ירקות שטראוס</ItemName>
      <ManufacturerName>לא ידוע</ManufacturerName>
      <ManufactureCountry>לא ידוע</ManufactureCountry>
      <ManufacturerItemDescription>לקט מסולסלים 350 גר </ManufacturerItemDescription>
      <UnitQty>גרמים</UnitQty>
      <Quantity>350.00</Quantity>
      <bIsWeighted>0</bIsWeighted>
      <UnitOfMeasure>100 גרם</UnitOfMeasure>
      <QtyInPackage>1</QtyInPackage>
      <ItemPrice>13.90</ItemPrice>
      <UnitOfMeasurePrice>3.97</UnitOfMeasurePrice>
      <AllowDiscount>1</AllowDiscount>
      <ItemStatus>1</ItemStatus>
    </Item>
    <Item>
      <PriceUpdateDate>2025-01-29 07:02</PriceUpdateDate>
      <ItemCode>7290104722530</ItemCode>
      <ItemType>1</ItemType>
      <ItemName>תפוציפס שמנת בצל 200 גרם</ItemName>
      <ManufacturerName>לא ידוע</ManufacturerName>
      <ManufactureCountry>לא ידוע</ManufactureCountry>
      <ManufacturerItemDescription>תפוציפס שמנת בצל 200</ManufacturerItemDescription>
      <UnitQty>גרמים</UnitQty>
      <Quantity>200.00</Quantity>
      <bIsWeighted>0</bIsWeighted>
      <UnitOfMeasure>100 גרם</UnitOfMeasure>
      <QtyInPackage>1</QtyInPackage>
      <ItemPrice>12.50</ItemPrice>
      <UnitOfMeasurePrice>6.25</UnitOfMeasurePrice>
      <AllowDiscount>1</AllowDiscount>
      <ItemStatus>1</ItemStatus>
    </Item>
    <Item>
      <PriceUpdateDate>2025-08-13 14:50</PriceUpdateDate>
      <ItemCode>7290104724718</ItemCode>
      <ItemType>1</ItemType>
      <ItemName>שוקולד חלב במילוי קרם נוגט 100 גרם</ItemName>
      <ManufacturerName>לא ידוע</ManufacturerName>
      <ManufactureCountry />
      <ManufacturerItemDescription>שוקולד חלב במילוי קר</ManufacturerItemDescription>
      <UnitQty>גרמים</UnitQty>
      <Quantity>100.00</Quantity>
      <bIsWeighted>0</bIsWeighted>
      <UnitOfMeasure>100 גרם</UnitOfMeasure>
      <QtyInPackage>1</QtyInPackage>
      <ItemPrice>10.50</ItemPrice>
      <UnitOfMeasurePrice>10.50</UnitOfMeasurePrice>
      <AllowDiscount>1</AllowDiscount>
      <ItemStatus>1</ItemStatus>
    </Item>
    <Item>
      <PriceUpdateDate>2024-03-20 15:43</PriceUpdateDate>
      <ItemCode>7290105011381</ItemCode>
      <ItemType>1</ItemType>
      <ItemName>כרובית</ItemName>
      <ManufacturerName>לא ידוע</ManufacturerName>
      <ManufactureCountry>לא ידוע</ManufactureCountry>
      <ManufacturerItemDescription>כרובית              </ManufacturerItemDescription>
      <UnitQty>יחידה</UnitQty>
      <Quantity>1.00</Quantity>
      <bIsWeighted>0</bIsWeighted>
      <UnitOfMeasure>יחידה</UnitOfMeasure>
      <QtyInPackage>0</QtyInPackage>
      <ItemPrice>14.90</ItemPrice>
      <UnitOfMeasurePrice>14.90</UnitOfMeasurePrice>
      <AllowDiscount>1</AllowDiscount>
      <ItemStatus>1</ItemStatus>
    </Item>
    <Item>
      <PriceUpdateDate>2023-06-04 19:30</PriceUpdateDate>
      <ItemCode>7290105360250</ItemCode>
      <ItemType>1</ItemType>
      <ItemName>קפסולות מקיאטו למכונות נספרסו 50 גר</ItemName>
      <ManufacturerName>לא ידוע</ManufacturerName>
      <ManufactureCountry>לא ידוע</ManufactureCountry>
      <ManufacturerItemDescription>קפסולות מקיאטו למכונ</ManufacturerItemDescription>
      <UnitQty>גרמים</UnitQty>
      <Quantity>50.00</Quantity>
      <bIsWeighted>0</bIsWeighted>
      <UnitOfMeasure>100 גרם</UnitOfMeasure>
      <QtyInPackage>1</QtyInPackage>
      <ItemPrice>19.90</ItemPrice>
      <UnitOfMeasurePrice>39.80</UnitOfMeasurePrice>
      <AllowDiscount>1</AllowDiscount>
      <ItemStatus>1</ItemStatus>
    </Item>
    <Item>
      <PriceUpdateDate>2023-06-04 19:31</PriceUpdateDate>
      <ItemCode>7290105360328</ItemCode>
      <ItemType>1</ItemType>
      <ItemName>קפסולות אספרסו חזק למכונות נספרסו 50 גר</ItemName>
      <ManufacturerName>לא ידוע</ManufacturerName>
      <ManufactureCountry>לא ידוע</ManufactureCountry>
      <ManufacturerItemDescription>קפסולות אספרסו חזק ל</ManufacturerItemDescription>
      <UnitQty>גרמים</UnitQty>
      <Quantity>50.00</Quantity>
      <bIsWeighted>0</bIsWeighted>
      <UnitOfMeasure>100 גרם</UnitOfMeasure>
      <QtyInPackage>1</QtyInPackage>
      <ItemPrice>19.90</ItemPrice>
      <UnitOfMeasurePrice>39.80</UnitOfMeasurePrice>
      <AllowDiscount>1</AllowDiscount>
      <ItemStatus>1</ItemStatus>
    </Item>
    <Item>
      <PriceUpdateDate>2023-06-04 19:31</PriceUpdateDate>
      <ItemCode>7290105360335</ItemCode>
      <ItemType>1</ItemType>
      <ItemName>קפסולות אספרסו למכונות נספרסו 50 גר</ItemName>
      <ManufacturerName>לא ידוע</ManufacturerName>
      <ManufactureCountry>לא ידוע</ManufactureCountry>
      <ManufacturerItemDescription>קפסולות אספרסו למכונ</ManufacturerItemDescription>
      <UnitQty>גרמים</UnitQty>
      <Quantity>50.00</Quantity>
      <bIsWeighted>0</bIsWeighted>
      <UnitOfMeasure>100 גרם</UnitOfMeasure>
      <QtyInPackage>1</QtyInPackage>
      <ItemPrice>19.90</ItemPrice>
      <UnitOfMeasurePrice>39.80</UnitOfMeasurePrice>
      <AllowDiscount>1</AllowDiscount>
      <ItemStatus>1</ItemStatus>
    </Item>
    <Item>
      <PriceUpdateDate>2025-01-29 07:02</PriceUpdateDate>
      <ItemCode>7290105360878</ItemCode>
      <ItemType>1</ItemType>
      <ItemName>מארז תפוציפס טבעי 50 גרם * 4</ItemName>
      <ManufacturerName>לא ידוע</ManufacturerName>
      <ManufactureCountry>לא ידוע</ManufactureCountry>
      <ManufacturerItemDescription>מארז תפוציפס טבעי 50</ManufacturerItemDescription>
      <UnitQty>גרמים</UnitQty>
      <Quantity>200.00</Quantity>
      <bIsWeighted>0</bIsWeighted>
      <UnitOfMeasure>100 גרם</UnitOfMeasure>
      <QtyInPackage>1</QtyInPackage>
      <ItemPrice>14.90</ItemPrice>
      <UnitOfMeasurePrice>7.45</UnitOfMeasurePrice>
      <AllowDiscount>1</AllowDiscount>
      <ItemStatus>1</ItemStatus>
    </Item>
    <Item>
      <PriceUpdateDate>2021-01-20 21:12</PriceUpdateDate>
      <ItemCode>7290105362339</ItemCode>
      <ItemType>1</ItemType>
      <ItemName>שמנת לבישול 15% מהדרין 250 מ"ל</ItemName>
      <ManufacturerName>לא ידוע</ManufacturerName>
      <ManufactureCountry>לא ידוע</ManufactureCountry>
      <ManufacturerItemDescription>שמנת לבישול 15% מהדר</ManufacturerItemDescription>
      <UnitQty>מיליליטרים</UnitQty>
      <Quantity>250.00</Quantity>
      <bIsWeighted>0</bIsWeighted>
      <UnitOfMeasure>100 מ"ל</UnitOfMeasure>
      <QtyInPackage>1</QtyInPackage>
      <ItemPrice>9.90</ItemPrice>
      <UnitOfMeasurePrice>3.96</UnitOfMeasurePrice>
      <AllowDiscount>1</AllowDiscount>
      <ItemStatus>1</ItemStatus>
    </Item>
    <Item>
      <PriceUpdateDate>2025-08-13 14:50</PriceUpdateDate>
      <ItemCode>7290105363572</ItemCode>
      <ItemType>1</ItemType>
      <ItemName>חטיף פרה ביסקוויט מגדים 100 גרם</ItemName>
      <ManufacturerName>לא ידוע</ManufacturerName>
      <ManufactureCountry>לא ידוע</ManufactureCountry>
      <ManufacturerItemDescription>חטיף פרה ביסקוויט מג</ManufacturerItemDescription>
      <UnitQty>גרמים</UnitQty>
      <Quantity>100.00</Quantity>
      <bIsWeighted>0</bIsWeighted>
      <UnitOfMeasure>100 גרם</UnitOfMeasure>
      <QtyInPackage>1</QtyInPackage>
      <ItemPrice>12.90</ItemPrice>
      <UnitOfMeasurePrice>12.90</UnitOfMeasurePrice>
      <AllowDiscount>1</AllowDiscount>
      <ItemStatus>1</ItemStatus>
    </Item>
    <Item>
      <PriceUpdateDate>2025-08-13 14:51</PriceUpdateDate>
      <ItemCode>7290105366993</ItemCode>
      <ItemType>1</ItemType>
      <ItemName>סימפוניה פלפל שיפקה חריף 5% 200 גר</ItemName>
      <ManufacturerName>לא ידוע</ManufacturerName>
      <ManufactureCountry>לא ידוע</ManufactureCountry>
      <ManufacturerItemDescription>סימפוניה פלפל שיפקה </ManufacturerItemDescription>
      <UnitQty>גרמים</UnitQty>
      <Quantity>200.00</Quantity>
      <bIsWeighted>0</bIsWeighted>
      <UnitOfMeasure>100 גרם</UnitOfMeasure>
      <QtyInPackage>1</QtyInPackage>
      <ItemPrice>13.30</ItemPrice>
      <UnitOfMeasurePrice>6.65</UnitOfMeasurePrice>
      <AllowDiscount>1</AllowDiscount>
      <ItemStatus>1</ItemStatus>
    </Item>
    <Item>
      <PriceUpdateDate>2025-09-16 12:35</PriceUpdateDate>
      <ItemCode>7290105368904</ItemCode>
      <ItemType>1</ItemType>
      <ItemName>שמנת עמידה לקצפת 32% 250 מ"ל</ItemName>
      <ManufacturerName>לא ידוע</ManufacturerName>
      <ManufactureCountry>לא ידוע</ManufactureCountry>
      <ManufacturerItemDescription>שמנת עמידה לקצפת 32%</ManufacturerItemDescription>
      <UnitQty>מיליליטרים</UnitQty>
      <Quantity>250.00</Quantity>
      <bIsWeighted>0</bIsWeighted>
      <UnitOfMeasure>100 מ"ל</UnitOfMeasure>
      <QtyInPackage>1</QtyInPackage>
      <ItemPrice>10.10</ItemPrice>
      <UnitOfMeasurePrice>4.04</UnitOfMeasurePrice>
      <AllowDiscount>1</AllowDiscount>
      <ItemStatus>1</ItemStatus>
    </Item>
    <Item>
      <PriceUpdateDate>2025-01-15 10:22</PriceUpdateDate>
      <ItemCode>7290105430458</ItemCode>
      <ItemType>1</ItemType>
      <ItemName>פלמוליב תחליב רחצה שקדים 750 מל</ItemName>
      <ManufacturerName>לא ידוע</ManufacturerName>
      <ManufactureCountry>לא ידוע</ManufactureCountry>
      <ManufacturerItemDescription>פלמוליב תחליב רחצה ש</ManufacturerItemDescription>
      <UnitQty>מיליליטרים</UnitQty>
      <Quantity>750.00</Quantity>
      <bIsWeighted>0</bIsWeighted>
      <UnitOfMeasure>100 מ"ל</UnitOfMeasure>
      <QtyInPackage>1</QtyInPackage>
      <ItemPrice>25.90</ItemPrice>
      <UnitOfMeasurePrice>3.45</UnitOfMeasurePrice>
      <AllowDiscount>1</AllowDiscount>
      <ItemStatus>1</ItemStatus>
    </Item>
    <Item>
      <PriceUpdateDate>2025-03-06 07:42</PriceUpdateDate>
      <ItemCode>7290105438546</ItemCode>
      <ItemType>1</ItemType>
      <ItemName>נייר אפי פרימיום קוקי</ItemName>
      <ManufacturerName>לא ידוע</ManufacturerName>
      <ManufactureCountry>לא ידוע</ManufactureCountry>
      <ManufacturerItemDescription>נייר אפי פרימיום קוק</ManufacturerItemDescription>
      <UnitQty>Unknown</UnitQty>
      <Quantity>0.00</Quantity>
      <bIsWeighted>0</bIsWeighted>
      <UnitOfMeasure>Unknown</UnitOfMeasure>
      <QtyInPackage>1</QtyInPackage>
      <ItemPrice>13.20</ItemPrice>
      <UnitOfMeasurePrice>13.20</UnitOfMeasurePrice>
      <AllowDiscount>1</AllowDiscount>
      <ItemStatus>1</ItemStatus>
    </Item>
    <Item>
      <PriceUpdateDate>2025-10-19 15:19</PriceUpdateDate>
      <ItemCode>7290105439499</ItemCode>
      <ItemType>1</ItemType>
      <ItemName>מנה מאסטר שף מיונז 481 גר</ItemName>
      <ManufacturerName>לא ידוע</ManufacturerName>
      <ManufactureCountry>לא ידוע</ManufactureCountry>
      <ManufacturerItemDescription>מנה מאסטר שף מיונז 4</ManufacturerItemDescription>
      <UnitQty>גרמים</UnitQty>
      <Quantity>481.00</Quantity>
      <bIsWeighted>0</bIsWeighted>
      <UnitOfMeasure>100 גרם</UnitOfMeasure>
      <QtyInPackage>1</QtyInPackage>
      <ItemPrice>16.90</ItemPrice>
      <UnitOfMeasurePrice>3.51</UnitOfMeasurePrice>
      <AllowDiscount>1</AllowDiscount>
      <ItemStatus>1</ItemStatus>
    </Item>
    <Item>
      <PriceUpdateDate>2024-12-01 09:06</PriceUpdateDate>
      <ItemCode>7290105439581</ItemCode>
      <ItemType>1</ItemType>
      <ItemName>מנה מאסטר שף חרדל דיזיון צרפתי 370 גר</ItemName>
      <ManufacturerName>לא ידוע</ManufacturerName>
      <ManufactureCountry>לא ידוע</ManufactureCountry>
      <ManufacturerItemDescription>מנה מאסטר שף חרדל די</ManufacturerItemDescription>
      <UnitQty>גרמים</UnitQty>
      <Quantity>370.00</Quantity>
      <bIsWeighted>0</bIsWeighted>
      <UnitOfMeasure>100 גרם</UnitOfMeasure>
      <QtyInPackage>1</QtyInPackage>
      <ItemPrice>17.50</ItemPrice>
      <UnitOfMeasurePrice>4.73</UnitOfMeasurePrice>
      <AllowDiscount>1</AllowDiscount>
      <ItemStatus>1</ItemStatus>
    </Item>
    <Item>
      <PriceUpdateDate>2024-12-01 09:06</PriceUpdateDate>
      <ItemCode>7290105439598</ItemCode>
      <ItemType>1</ItemType>
      <ItemName>מנה מאסטר שף חרדל דיזיון גרגרים 370 גר</ItemName>
      <ManufacturerName>לא ידוע</ManufacturerName>
      <ManufactureCountry>לא ידוע</ManufactureCountry>
      <ManufacturerItemDescription>מנה מאסטר שף חרדל די</ManufacturerItemDescription>
      <UnitQty>גרמים</UnitQty>
      <Quantity>370.00</Quantity>
      <bIsWeighted>0</bIsWeighted>
      <UnitOfMeasure>100 גרם</UnitOfMeasure>
      <QtyInPackage>1</QtyInPackage>
      <ItemPrice>17.50</ItemPrice>
      <UnitOfMeasurePrice>4.73</UnitOfMeasurePrice>
      <AllowDiscount>1</AllowDiscount>
      <ItemStatus>1</ItemStatus>
    </Item>
    <Item>
      <PriceUpdateDate>2025-01-29 07:02</PriceUpdateDate>
      <ItemCode>7290105691248</ItemCode>
      <ItemType>1</ItemType>
      <ItemName>חטיפי פריכונים טורטיה תירס 60 גרם</ItemName>
      <ManufacturerName>לא ידוע</ManufacturerName>
      <ManufactureCountry>לא ידוע</ManufactureCountry>
      <ManufacturerItemDescription>חטיפי פריכונים טורטי</ManufacturerItemDescription>
      <UnitQty>גרמים</UnitQty>
      <Quantity>60.00</Quantity>
      <bIsWeighted>0</bIsWeighted>
      <UnitOfMeasure>100 גרם</UnitOfMeasure>
      <QtyInPackage>1</QtyInPackage>
      <ItemPrice>10.90</ItemPrice>
      <UnitOfMeasurePrice>18.17</UnitOfMeasurePrice>
      <AllowDiscount>1</AllowDiscount>
      <ItemStatus>1</ItemStatus>
    </Item>
    <Item>
      <PriceUpdateDate>2025-06-06 05:57</PriceUpdateDate>
      <ItemCode>7290105693341</ItemCode>
      <ItemType>1</ItemType>
      <ItemName>מארז במבה 25 גרם 10 יחי</ItemName>
      <ManufacturerName>לא ידוע</ManufacturerName>
      <ManufactureCountry>לא ידוע</ManufactureCountry>
      <ManufacturerItemDescription>מארז במבה 25 גרם 10 </ManufacturerItemDescription>
      <UnitQty>גרמים</UnitQty>
      <Quantity>250.00</Quantity>
      <bIsWeighted>0</bIsWeighted>
      <UnitOfMeasure>100 גרם</UnitOfMeasure>
      <QtyInPackage>1</QtyInPackage>
      <ItemPrice>21.90</ItemPrice>
      <UnitOfMeasurePrice>8.76</UnitOfMeasurePrice>
      <AllowDiscount>1</AllowDiscount>
      <ItemStatus>1</ItemStatus>
    </Item>
    <Item>
      <PriceUpdateDate>2025-03-06 07:42</PriceUpdateDate>
      <ItemCode>7290105694614</ItemCode>
      <ItemType>1</ItemType>
      <ItemName>ספגטי מהיר הכנה 500 גרם אסם</ItemName>
      <ManufacturerName>לא ידוע</ManufacturerName>
      <ManufactureCountry>לא ידוע</ManufactureCountry>
      <ManufacturerItemDescription>ספגטי מהיר הכנה 500 </ManufacturerItemDescription>
      <UnitQty>גרמים</UnitQty>
      <Quantity>500.00</Quantity>
      <bIsWeighted>0</bIsWeighted>
      <UnitOfMeasure>100 גרם</UnitOfMeasure>
      <QtyInPackage>1</QtyInPackage>
      <ItemPrice>10.30</ItemPrice>
      <UnitOfMeasurePrice>2.06</UnitOfMeasurePrice>
      <AllowDiscount>1</AllowDiscount>
      <ItemStatus>1</ItemStatus>
    </Item>
    <Item>
      <PriceUpdateDate>2025-03-06 07:42</PriceUpdateDate>
      <ItemCode>7290105695024</ItemCode>
      <ItemType>1</ItemType>
      <ItemName>פתיתים אפויים אורז עם אטריות 500 גרם</ItemName>
      <ManufacturerName>לא ידוע</ManufacturerName>
      <ManufactureCountry>לא ידוע</ManufactureCountry>
      <ManufacturerItemDescription>פתיתים אפויים אורז ע</ManufacturerItemDescription>
      <UnitQty>גרמים</UnitQty>
      <Quantity>500.00</Quantity>
      <bIsWeighted>0</bIsWeighted>
      <UnitOfMeasure>100 גרם</UnitOfMeasure>
      <QtyInPackage>1</QtyInPackage>
      <ItemPrice>9.30</ItemPrice>
      <UnitOfMeasurePrice>1.86</UnitOfMeasurePrice>
      <AllowDiscount>1</AllowDiscount>
      <ItemStatus>1</ItemStatus>
    </Item>
    <Item>
      <PriceUpdateDate>2025-08-13 14:52</PriceUpdateDate>
      <ItemCode>7290105961525</ItemCode>
      <ItemType>1</ItemType>
      <ItemName>שוקולד ספלנדיד מריר 85 % 100 גר</ItemName>
      <ManufacturerName>לא ידוע</ManufacturerName>
      <ManufactureCountry>לא ידוע</ManufactureCountry>
      <ManufacturerItemDescription>שוקולד ספלנדיד מריר </ManufacturerItemDescription>
      <UnitQty>גרמים</UnitQty>
      <Quantity>100.00</Quantity>
      <bIsWeighted>0</bIsWeighted>
      <UnitOfMeasure>100 גרם</UnitOfMeasure>
      <QtyInPackage>1</QtyInPackage>
      <ItemPrice>19.90</ItemPrice>
      <UnitOfMeasurePrice>19.90</UnitOfMeasurePrice>
      <AllowDiscount>1</AllowDiscount>
      <ItemStatus>1</ItemStatus>
    </Item>
    <Item>
      <PriceUpdateDate>2025-03-03 07:00</PriceUpdateDate>
      <ItemCode>7290105964564</ItemCode>
      <ItemType>1</ItemType>
      <ItemName>חומוס אחלה 400 גר</ItemName>
      <ManufacturerName>לא ידוע</ManufacturerName>
      <ManufactureCountry>לא ידוע</ManufactureCountry>
      <ManufacturerItemDescription>חומוס אחלה 400 גר   </ManufacturerItemDescription>
      <UnitQty>גרמים</UnitQty>
      <Quantity>400.00</Quantity>
      <bIsWeighted>0</bIsWeighted>
      <UnitOfMeasure>100 גרם</UnitOfMeasure>
      <QtyInPackage>1</QtyInPackage>
      <ItemPrice>12.10</ItemPrice>
      <UnitOfMeasurePrice>3.03</UnitOfMeasurePrice>
      <AllowDiscount>1</AllowDiscount>
      <ItemStatus>1</ItemStatus>
    </Item>
    <Item>
      <PriceUpdateDate>2025-01-14 08:31</PriceUpdateDate>
      <ItemCode>7290105965738</ItemCode>
      <ItemType>1</ItemType>
      <ItemName>משקה בוקר תות בננה 267 מ"ל</ItemName>
      <ManufacturerName>לא ידוע</ManufacturerName>
      <ManufactureCountry>לא ידוע</ManufactureCountry>
      <ManufacturerItemDescription>משקה בוקר תות בננה 2</ManufacturerItemDescription>
      <UnitQty>מיליליטרים</UnitQty>
      <Quantity>267.00</Quantity>
      <bIsWeighted>0</bIsWeighted>
      <UnitOfMeasure>100 מ"ל</UnitOfMeasure>
      <QtyInPackage>1</QtyInPackage>
      <ItemPrice>6.50</ItemPrice>
      <UnitOfMeasurePrice>2.43</UnitOfMeasurePrice>
      <AllowDiscount>1</AllowDiscount>
      <ItemStatus>1</ItemStatus>
    </Item>
    <Item>
      <PriceUpdateDate>2025-03-06 07:42</PriceUpdateDate>
      <ItemCode>7290105966469</ItemCode>
      <ItemType>1</ItemType>
      <ItemName>חומץ בלסמי יד מרדכי 250 מל</ItemName>
      <ManufacturerName>לא ידוע</ManufacturerName>
      <ManufactureCountry>לא ידוע</ManufactureCountry>
      <ManufacturerItemDescription>חומץ בלסמי יד מרדכי </ManufacturerItemDescription>
      <UnitQty>מיליליטרים</UnitQty>
      <Quantity>250.00</Quantity>
      <bIsWeighted>0</bIsWeighted>
      <UnitOfMeasure>100 מ"ל</UnitOfMeasure>
      <QtyInPackage>1</QtyInPackage>
      <ItemPrice>20.90</ItemPrice>
      <UnitOfMeasurePrice>8.36</UnitOfMeasurePrice>
      <AllowDiscount>1</AllowDiscount>
      <ItemStatus>1</ItemStatus>
    </Item>
    <Item>
      <PriceUpdateDate>2025-08-13 14:52</PriceUpdateDate>
      <ItemCode>7290105968777</ItemCode>
      <ItemType>1</ItemType>
      <ItemName>פריכיות אנרגי תחתית שוקולד מריר 70 גרם</ItemName>
      <ManufacturerName>לא ידוע</ManufacturerName>
      <ManufactureCountry>לא ידוע</ManufactureCountry>
      <ManufacturerItemDescription>פריכיות אנרגי תחתית </ManufacturerItemDescription>
      <UnitQty>גרמים</UnitQty>
      <Quantity>70.00</Quantity>
      <bIsWeighted>0</bIsWeighted>
      <UnitOfMeasure>100 גרם</UnitOfMeasure>
      <QtyInPackage>1</QtyInPackage>
      <ItemPrice>11.90</ItemPrice>
      <UnitOfMeasurePrice>17.00</UnitOfMeasurePrice>
      <AllowDiscount>1</AllowDiscount>
      <ItemStatus>1</ItemStatus>
    </Item>
    <Item>
      <PriceUpdateDate>2025-01-29 07:02</PriceUpdateDate>
      <ItemCode>7290106520066</ItemCode>
      <ItemType>1</ItemType>
      <ItemName>אצבעות וופל רבע לשבע  160 גר</ItemName>
      <ManufacturerName>לא ידוע</ManufacturerName>
      <ManufactureCountry>לא ידוע</ManufactureCountry>
      <ManufacturerItemDescription>אצבעות וופל רבע לשבע</ManufacturerItemDescription>
      <UnitQty>גרמים</UnitQty>
      <Quantity>160.00</Quantity>
      <bIsWeighted>0</bIsWeighted>
      <UnitOfMeasure>100 גרם</UnitOfMeasure>
      <QtyInPackage>1</QtyInPackage>
      <ItemPrice>18.90</ItemPrice>
      <UnitOfMeasurePrice>11.81</UnitOfMeasurePrice>
      <AllowDiscount>1</AllowDiscount>
      <ItemStatus>1</ItemStatus>
    </Item>
    <Item>
      <PriceUpdateDate>2024-02-04 10:53</PriceUpdateDate>
      <ItemCode>7290106524439</ItemCode>
      <ItemType>1</ItemType>
      <ItemName>תפוציפס פופס 60 גרם</ItemName>
      <ManufacturerName>לא ידוע</ManufacturerName>
      <ManufactureCountry>לא ידוע</ManufactureCountry>
      <ManufacturerItemDescription>תפוציפס פופס 60 גרם </ManufacturerItemDescription>
      <UnitQty>גרמים</UnitQty>
      <Quantity>60.00</Quantity>
      <bIsWeighted>0</bIsWeighted>
      <UnitOfMeasure>100 גרם</UnitOfMeasure>
      <QtyInPackage>1</QtyInPackage>
      <ItemPrice>5.30</ItemPrice>
      <UnitOfMeasurePrice>8.83</UnitOfMeasurePrice>
      <AllowDiscount>1</AllowDiscount>
      <ItemStatus>1</ItemStatus>
    </Item>
    <Item>
      <PriceUpdateDate>2025-03-06 07:42</PriceUpdateDate>
      <ItemCode>7290106525320</ItemCode>
      <ItemType>1</ItemType>
      <ItemName>שוקולית לאפייה 500 גרם</ItemName>
      <ManufacturerName>לא ידוע</ManufacturerName>
      <ManufactureCountry>לא ידוע</ManufactureCountry>
      <ManufacturerItemDescription>שוקולית לאפייה 500 ג</ManufacturerItemDescription>
      <UnitQty>גרמים</UnitQty>
      <Quantity>500.00</Quantity>
      <bIsWeighted>0</bIsWeighted>
      <UnitOfMeasure>100 גרם</UnitOfMeasure>
      <QtyInPackage>1</QtyInPackage>
      <ItemPrice>27.90</ItemPrice>
      <UnitOfMeasurePrice>5.58</UnitOfMeasurePrice>
      <AllowDiscount>1</AllowDiscount>
      <ItemStatus>1</ItemStatus>
    </Item>
    <Item>
      <PriceUpdateDate>2024-02-15 17:21</PriceUpdateDate>
      <ItemCode>7290106525504</ItemCode>
      <ItemType>1</ItemType>
      <ItemName>טעמי בייגלה וועסטהיים 42 גר</ItemName>
      <ManufacturerName>לא ידוע</ManufacturerName>
      <ManufactureCountry>ישראל</ManufactureCountry>
      <ManufacturerItemDescription>טעמי בייגלה וועסטהיי</ManufacturerItemDescription>
      <UnitQty>גרמים</UnitQty>
      <Quantity>42.00</Quantity>
      <bIsWeighted>0</bIsWeighted>
      <UnitOfMeasure>100 גרם</UnitOfMeasure>
      <QtyInPackage>1</QtyInPackage>
      <ItemPrice>5.50</ItemPrice>
      <UnitOfMeasurePrice>13.10</UnitOfMeasurePrice>
      <AllowDiscount>1</AllowDiscount>
      <ItemStatus>1</ItemStatus>
    </Item>
    <Item>
      <PriceUpdateDate>2025-07-27 13:50</PriceUpdateDate>
      <ItemCode>7290106526822</ItemCode>
      <ItemType>1</ItemType>
      <ItemName>פריכיות אנרגי תחתית חלב 80 גרם</ItemName>
      <ManufacturerName>לא ידוע</ManufacturerName>
      <ManufactureCountry>לא ידוע</ManufactureCountry>
      <ManufacturerItemDescription>פריכיות אנרגי תחתית </ManufacturerItemDescription>
      <UnitQty>גרמים</UnitQty>
      <Quantity>80.00</Quantity>
      <bIsWeighted>0</bIsWeighted>
      <UnitOfMeasure>100 גרם</UnitOfMeasure>
      <QtyInPackage>1</QtyInPackage>
      <ItemPrice>11.90</ItemPrice>
      <UnitOfMeasurePrice>14.88</UnitOfMeasurePrice>
      <AllowDiscount>1</AllowDiscount>
      <ItemStatus>1</ItemStatus>
    </Item>
    <Item>
      <PriceUpdateDate>2024-02-04 10:56</PriceUpdateDate>
      <ItemCode>7290106528628</ItemCode>
      <ItemType>1</ItemType>
      <ItemName>חטיף דוריטוס טבעי 185 גרם</ItemName>
      <ManufacturerName>לא ידוע</ManufacturerName>
      <ManufactureCountry>לא ידוע</ManufactureCountry>
      <ManufacturerItemDescription>Dippas חטיף דוריטוס </ManufacturerItemDescription>
      <UnitQty>גרמים</UnitQty>
      <Quantity>185.00</Quantity>
      <bIsWeighted>0</bIsWeighted>
      <UnitOfMeasure>100 גרם</UnitOfMeasure>
      <QtyInPackage>1</QtyInPackage>
      <ItemPrice>10.90</ItemPrice>
      <UnitOfMeasurePrice>5.89</UnitOfMeasurePrice>
      <AllowDiscount>1</AllowDiscount>
      <ItemStatus>1</ItemStatus>
    </Item>
    <Item>
      <PriceUpdateDate>2023-08-27 16:09</PriceUpdateDate>
      <ItemCode>7290106528949</ItemCode>
      <ItemType>1</ItemType>
      <ItemName>לקט ערוגות</ItemName>
      <ManufacturerName>לא ידוע</ManufacturerName>
      <ManufactureCountry>ישראל</ManufactureCountry>
      <ManufacturerItemDescription>לקט ערוגות 450 גרם  </ManufacturerItemDescription>
      <UnitQty>גרמים</UnitQty>
      <Quantity>450.00</Quantity>
      <bIsWeighted>0</bIsWeighted>
      <UnitOfMeasure>100 גרם</UnitOfMeasure>
      <QtyInPackage>1</QtyInPackage>
      <ItemPrice>13.90</ItemPrice>
      <UnitOfMeasurePrice>3.09</UnitOfMeasurePrice>
      <AllowDiscount>1</AllowDiscount>
      <ItemStatus>1</ItemStatus>
    </Item>
    <Item>
      <PriceUpdateDate>2024-07-14 17:21</PriceUpdateDate>
      <ItemCode>7290106572027</ItemCode>
      <ItemType>1</ItemType>
      <ItemName>לחמית חמישה דגנים 190 גרם</ItemName>
      <ManufacturerName>לא ידוע</ManufacturerName>
      <ManufactureCountry>לא ידוע</ManufactureCountry>
      <ManufacturerItemDescription>לחמית חמישה דגנים 19</ManufacturerItemDescription>
      <UnitQty>גרמים</UnitQty>
      <Quantity>190.00</Quantity>
      <bIsWeighted>0</bIsWeighted>
      <UnitOfMeasure>100 גרם</UnitOfMeasure>
      <QtyInPackage>1</QtyInPackage>
      <ItemPrice>12.90</ItemPrice>
      <UnitOfMeasurePrice>6.79</UnitOfMeasurePrice>
      <AllowDiscount>1</AllowDiscount>
      <ItemStatus>1</ItemStatus>
    </Item>
    <Item>
      <PriceUpdateDate>2025-01-13 10:18</PriceUpdateDate>
      <ItemCode>7290106573628</ItemCode>
      <ItemType>1</ItemType>
      <ItemName>חומוס עם טחינה 400 גר</ItemName>
      <ManufacturerName>לא ידוע</ManufacturerName>
      <ManufactureCountry>לא ידוע</ManufactureCountry>
      <ManufacturerItemDescription>חומוס עם טחינה 400 ג</ManufacturerItemDescription>
      <UnitQty>גרמים</UnitQty>
      <Quantity>400.00</Quantity>
      <bIsWeighted>0</bIsWeighted>
      <UnitOfMeasure>100 גרם</UnitOfMeasure>
      <QtyInPackage>1</QtyInPackage>
      <ItemPrice>17.90</ItemPrice>
      <UnitOfMeasurePrice>4.48</UnitOfMeasurePrice>
      <AllowDiscount>1</AllowDiscount>
      <ItemStatus>1</ItemStatus>
    </Item>
    <Item>
      <PriceUpdateDate>2025-01-29 07:02</PriceUpdateDate>
      <ItemCode>7290106573642</ItemCode>
      <ItemType>1</ItemType>
      <ItemName>חומוס עם צנובר צבר 400 גר</ItemName>
      <ManufacturerName>לא ידוע</ManufacturerName>
      <ManufactureCountry>לא ידוע</ManufactureCountry>
      <ManufacturerItemDescription>חומוס עם צנובר צבר 4</ManufacturerItemDescription>
      <UnitQty>גרמים</UnitQty>
      <Quantity>400.00</Quantity>
      <bIsWeighted>0</bIsWeighted>
      <UnitOfMeasure>100 גרם</UnitOfMeasure>
      <QtyInPackage>1</QtyInPackage>
      <ItemPrice>17.90</ItemPrice>
      <UnitOfMeasurePrice>4.48</UnitOfMeasurePrice>
      <AllowDiscount>1</AllowDiscount>
      <ItemStatus>1</ItemStatus>
    </Item>
    <Item>
      <PriceUpdateDate>2025-06-06 05:56</PriceUpdateDate>
      <ItemCode>7290106574953</ItemCode>
      <ItemType>1</ItemType>
      <ItemName>בייגלה שטוחים שומשום 300 גרם</ItemName>
      <ManufacturerName>לא ידוע</ManufacturerName>
      <ManufactureCountry>לא ידוע</ManufactureCountry>
      <ManufacturerItemDescription>בייגלה שטוחים שומשום</ManufacturerItemDescription>
      <UnitQty>גרמים</UnitQty>
      <Quantity>300.00</Quantity>
      <bIsWeighted>0</bIsWeighted>
      <UnitOfMeasure>100 גרם</UnitOfMeasure>
      <QtyInPackage>1</QtyInPackage>
      <ItemPrice>14.90</ItemPrice>
      <UnitOfMeasurePrice>4.97</UnitOfMeasurePrice>
      <AllowDiscount>1</AllowDiscount>
      <ItemStatus>1</ItemStatus>
    </Item>
    <Item>
      <PriceUpdateDate>2025-06-06 05:57</PriceUpdateDate>
      <ItemCode>7290106574977</ItemCode>
      <ItemType>1</ItemType>
      <ItemName>בייגלה שטוחים עם מלח 300 גרם</ItemName>
      <ManufacturerName>לא ידוע</ManufacturerName>
      <ManufactureCountry>לא ידוע</ManufactureCountry>
      <ManufacturerItemDescription>בייגלה שטוחים עם מלח</ManufacturerItemDescription>
      <UnitQty>גרמים</UnitQty>
      <Quantity>300.00</Quantity>
      <bIsWeighted>0</bIsWeighted>
      <UnitOfMeasure>100 גרם</UnitOfMeasure>
      <QtyInPackage>1</QtyInPackage>
      <ItemPrice>14.90</ItemPrice>
      <UnitOfMeasurePrice>4.97</UnitOfMeasurePrice>
      <AllowDiscount>1</AllowDiscount>
      <ItemStatus>1</ItemStatus>
    </Item>
    <Item>
      <PriceUpdateDate>2025-06-06 05:55</PriceUpdateDate>
      <ItemCode>7290106576223</ItemCode>
      <ItemType>1</ItemType>
      <ItemName>אפרופו שוקולד 40 גרם</ItemName>
      <ManufacturerName>לא ידוע</ManufacturerName>
      <ManufactureCountry>IL</ManufactureCountry>
      <ManufacturerItemDescription>אפרופו שוקולד 40 גרם</ManufacturerItemDescription>
      <UnitQty>גרמים</UnitQty>
      <Quantity>40.00</Quantity>
      <bIsWeighted>0</bIsWeighted>
      <UnitOfMeasure>100 גרם</UnitOfMeasure>
      <QtyInPackage>1</QtyInPackage>
      <ItemPrice>8.50</ItemPrice>
      <UnitOfMeasurePrice>21.25</UnitOfMeasurePrice>
      <AllowDiscount>1</AllowDiscount>
      <ItemStatus>1</ItemStatus>
    </Item>
    <Item>
      <PriceUpdateDate>2025-01-14 08:26</PriceUpdateDate>
      <ItemCode>7290106576513</ItemCode>
      <ItemType>1</ItemType>
      <ItemName>חומוס חלק 400 גרם</ItemName>
      <ManufacturerName>לא ידוע</ManufacturerName>
      <ManufactureCountry>לא ידוע</ManufactureCountry>
      <ManufacturerItemDescription>חומוס חלק 400 גרם   </ManufacturerItemDescription>
      <UnitQty>גרמים</UnitQty>
      <Quantity>400.00</Quantity>
      <bIsWeighted>0</bIsWeighted>
      <UnitOfMeasure>100 גרם</UnitOfMeasure>
      <QtyInPackage>1</QtyInPackage>
      <ItemPrice>14.90</ItemPrice>
      <UnitOfMeasurePrice>3.73</UnitOfMeasurePrice>
      <AllowDiscount>1</AllowDiscount>
      <ItemStatus>1</ItemStatus>
    </Item>
    <Item>
      <PriceUpdateDate>2025-01-15 10:22</PriceUpdateDate>
      <ItemCode>7290106576537</ItemCode>
      <ItemType>1</ItemType>
      <ItemName>חומוס מסעדה צבר 700 גר</ItemName>
      <ManufacturerName>לא ידוע</ManufacturerName>
      <ManufactureCountry>לא ידוע</ManufactureCountry>
      <ManufacturerItemDescription>חומוס מסעדה צבר 700 </ManufacturerItemDescription>
      <UnitQty>גרמים</UnitQty>
      <Quantity>700.00</Quantity>
      <bIsWeighted>0</bIsWeighted>
      <UnitOfMeasure>100 גרם</UnitOfMeasure>
      <QtyInPackage>1</QtyInPackage>
      <ItemPrice>17.90</ItemPrice>
      <UnitOfMeasurePrice>2.56</UnitOfMeasurePrice>
      <AllowDiscount>1</AllowDiscount>
      <ItemStatus>1</ItemStatus>
    </Item>
    <Item>
      <PriceUpdateDate>2025-03-03 07:00</PriceUpdateDate>
      <ItemCode>7290106577282</ItemCode>
      <ItemType>1</ItemType>
      <ItemName>טחינה 400 גר</ItemName>
      <ManufacturerName>לא ידוע</ManufacturerName>
      <ManufactureCountry>לא ידוע</ManufactureCountry>
      <ManufacturerItemDescription>טחינה 400 גרם       </ManufacturerItemDescription>
      <UnitQty>גרמים</UnitQty>
      <Quantity>400.00</Quantity>
      <bIsWeighted>0</bIsWeighted>
      <UnitOfMeasure>100 גרם</UnitOfMeasure>
      <QtyInPackage>1</QtyInPackage>
      <ItemPrice>19.10</ItemPrice>
      <UnitOfMeasurePrice>4.78</UnitOfMeasurePrice>
      <AllowDiscount>1</AllowDiscount>
      <ItemStatus>1</ItemStatus>
    </Item>
    <Item>
      <PriceUpdateDate>2025-01-23 07:45</PriceUpdateDate>
      <ItemCode>7290106577541</ItemCode>
      <ItemType>1</ItemType>
      <ItemName>סלט כרוב אדום 400 גר</ItemName>
      <ManufacturerName>לא ידוע</ManufacturerName>
      <ManufactureCountry>לא ידוע</ManufactureCountry>
      <ManufacturerItemDescription>סלט כרוב אדום 400 גר</ManufacturerItemDescription>
      <UnitQty>גרמים</UnitQty>
      <Quantity>400.00</Quantity>
      <bIsWeighted>0</bIsWeighted>
      <UnitOfMeasure>100 גרם</UnitOfMeasure>
      <QtyInPackage>1</QtyInPackage>
      <ItemPrice>19.90</ItemPrice>
      <UnitOfMeasurePrice>4.98</UnitOfMeasurePrice>
      <AllowDiscount>1</AllowDiscount>
      <ItemStatus>1</ItemStatus>
    </Item>
    <Item>
      <PriceUpdateDate>2025-06-06 05:56</PriceUpdateDate>
      <ItemCode>7290106578241</ItemCode>
      <ItemType>1</ItemType>
      <ItemName>חטיפי דובונים 100 גרם</ItemName>
      <ManufacturerName>לא ידוע</ManufacturerName>
      <ManufactureCountry>לא ידוע</ManufactureCountry>
      <ManufacturerItemDescription>חטיפי דובונים 100 גר</ManufacturerItemDescription>
      <UnitQty>גרמים</UnitQty>
      <Quantity>100.00</Quantity>
      <bIsWeighted>0</bIsWeighted>
      <UnitOfMeasure>100 גרם</UnitOfMeasure>
      <QtyInPackage>1</QtyInPackage>
      <ItemPrice>14.90</ItemPrice>
      <UnitOfMeasurePrice>14.90</UnitOfMeasurePrice>
      <AllowDiscount>1</AllowDiscount>
      <ItemStatus>1</ItemStatus>
    </Item>
    <Item>
      <PriceUpdateDate>2025-09-05 09:14</PriceUpdateDate>
      <ItemCode>7290106656512</ItemCode>
      <ItemType>1</ItemType>
      <ItemName>בפלות טורטית 360 גרם</ItemName>
      <ManufacturerName>לא ידוע</ManufacturerName>
      <ManufactureCountry>IL</ManufactureCountry>
      <ManufacturerItemDescription>בפלות טורטית 360 גרם</ManufacturerItemDescription>
      <UnitQty>גרמים</UnitQty>
      <Quantity>360.00</Quantity>
      <bIsWeighted>0</bIsWeighted>
      <UnitOfMeasure>100 גרם</UnitOfMeasure>
      <QtyInPackage>1</QtyInPackage>
      <ItemPrice>25.90</ItemPrice>
      <UnitOfMeasurePrice>7.19</UnitOfMeasurePrice>
      <AllowDiscount>1</AllowDiscount>
      <ItemStatus>1</ItemStatus>
    </Item>
    <Item>
      <PriceUpdateDate>2025-02-24 10:52</PriceUpdateDate>
      <ItemCode>7290106656727</ItemCode>
      <ItemType>1</ItemType>
      <ItemName>חיוכים שוקו 600 גרם</ItemName>
      <ManufacturerName>לא ידוע</ManufacturerName>
      <ManufactureCountry>לא ידוע</ManufactureCountry>
      <ManufacturerItemDescription>עוגיות חיוכים שוקו  </ManufacturerItemDescription>
      <UnitQty>גרמים</UnitQty>
      <Quantity>600.00</Quantity>
      <bIsWeighted>0</bIsWeighted>
      <UnitOfMeasure>100 גרם</UnitOfMeasure>
      <QtyInPackage>1</QtyInPackage>
      <ItemPrice>26.90</ItemPrice>
      <UnitOfMeasurePrice>4.48</UnitOfMeasurePrice>
      <AllowDiscount>1</AllowDiscount>
      <ItemStatus>1</ItemStatus>
    </Item>
    <Item>
      <PriceUpdateDate>2024-02-15 17:18</PriceUpdateDate>
      <ItemCode>7290106658479</ItemCode>
      <ItemType>1</ItemType>
      <ItemName>טורטית מגדים 40 גרם</ItemName>
      <ManufacturerName>לא ידוע</ManufacturerName>
      <ManufactureCountry>לא ידוע</ManufactureCountry>
      <ManufacturerItemDescription>טורטית מגדים 40 גרם </ManufacturerItemDescription>
      <UnitQty>גרמים</UnitQty>
      <Quantity>40.00</Quantity>
      <bIsWeighted>0</bIsWeighted>
      <UnitOfMeasure>100 גרם</UnitOfMeasure>
      <QtyInPackage>1</QtyInPackage>
      <ItemPrice>5.50</ItemPrice>
      <UnitOfMeasurePrice>13.75</UnitOfMeasurePrice>
      <AllowDiscount>1</AllowDiscount>
      <ItemStatus>1</ItemStatus>
    </Item>
    <Item>
      <PriceUpdateDate>2025-09-16 12:36</PriceUpdateDate>
      <ItemCode>7290106663121</ItemCode>
      <ItemType>1</ItemType>
      <ItemName>עוגה אישית מילקי 34 גר CAKE</ItemName>
      <ManufacturerName>לא ידוע</ManufacturerName>
      <ManufactureCountry>לא ידוע</ManufactureCountry>
      <ManufacturerItemDescription>עוגה אישית מילקי 34 </ManufacturerItemDescription>
      <UnitQty>גרמים</UnitQty>
      <Quantity>34.00</Quantity>
      <bIsWeighted>0</bIsWeighted>
      <UnitOfMeasure>100 גרם</UnitOfMeasure>
      <QtyInPackage>1</QtyInPackage>
      <ItemPrice>3.90</ItemPrice>
      <UnitOfMeasurePrice>11.47</UnitOfMeasurePrice>
      <AllowDiscount>1</AllowDiscount>
      <ItemStatus>1</ItemStatus>
    </Item>
    <Item>
      <PriceUpdateDate>2025-03-06 07:42</PriceUpdateDate>
      <ItemCode>7290106663558</ItemCode>
      <ItemType>1</ItemType>
      <ItemName>רוטב טריאקי יד מרדכי 320 גרם</ItemName>
      <ManufacturerName>לא ידוע</ManufacturerName>
      <ManufactureCountry>ישראל</ManufactureCountry>
      <ManufacturerItemDescription>רוטב טריאקי רימון 28</ManufacturerItemDescription>
      <UnitQty>גרמים</UnitQty>
      <Quantity>320.00</Quantity>
      <bIsWeighted>0</bIsWeighted>
      <UnitOfMeasure>100 גרם</UnitOfMeasure>
      <QtyInPackage>1</QtyInPackage>
      <ItemPrice>19.50</ItemPrice>
      <UnitOfMeasurePrice>6.09</UnitOfMeasurePrice>
      <AllowDiscount>1</AllowDiscount>
      <ItemStatus>1</ItemStatus>
    </Item>
    <Item>
      <PriceUpdateDate>2024-02-04 10:53</PriceUpdateDate>
      <ItemCode>7290106667266</ItemCode>
      <ItemType>1</ItemType>
      <ItemName>חטיף דוריטוס חמוץ חריף 185 גרם</ItemName>
      <ManufacturerName>לא ידוע</ManufacturerName>
      <ManufactureCountry>לא ידוע</ManufactureCountry>
      <ManufacturerItemDescription>חטיף דוריטוס חמוץ חר</ManufacturerItemDescription>
      <UnitQty>גרמים</UnitQty>
      <Quantity>185.00</Quantity>
      <bIsWeighted>0</bIsWeighted>
      <UnitOfMeasure>100 גרם</UnitOfMeasure>
      <QtyInPackage>1</QtyInPackage>
      <ItemPrice>10.90</ItemPrice>
      <UnitOfMeasurePrice>5.89</UnitOfMeasurePrice>
      <AllowDiscount>1</AllowDiscount>
      <ItemStatus>1</ItemStatus>
    </Item>
    <Item>
      <PriceUpdateDate>2023-01-03 23:50</PriceUpdateDate>
      <ItemCode>7290106668577</ItemCode>
      <ItemType>1</ItemType>
      <ItemName>מיץ לימון 250 מ"ל יד מרדכי</ItemName>
      <ManufacturerName>לא ידוע</ManufacturerName>
      <ManufactureCountry>לא ידוע</ManufactureCountry>
      <ManufacturerItemDescription>מיץ לימון 250 מ"ל יד</ManufacturerItemDescription>
      <UnitQty>מיליליטרים</UnitQty>
      <Quantity>250.00</Quantity>
      <bIsWeighted>0</bIsWeighted>
      <UnitOfMeasure>100 מ"ל</UnitOfMeasure>
      <QtyInPackage>1</QtyInPackage>
      <ItemPrice>10.50</ItemPrice>
      <UnitOfMeasurePrice>4.20</UnitOfMeasurePrice>
      <AllowDiscount>1</AllowDiscount>
      <ItemStatus>1</ItemStatus>
    </Item>
    <Item>
      <PriceUpdateDate>2025-01-29 07:02</PriceUpdateDate>
      <ItemCode>7290106720626</ItemCode>
      <ItemType>1</ItemType>
      <ItemName>ציטוס בטעם גבינה 80 גר</ItemName>
      <ManufacturerName>לא ידוע</ManufacturerName>
      <ManufactureCountry>לא ידוע</ManufactureCountry>
      <ManufacturerItemDescription>ציטוס בטעם גבינה 80 </ManufacturerItemDescription>
      <UnitQty>גרמים</UnitQty>
      <Quantity>80.00</Quantity>
      <bIsWeighted>0</bIsWeighted>
      <UnitOfMeasure>100 גרם</UnitOfMeasure>
      <QtyInPackage>1</QtyInPackage>
      <ItemPrice>5.90</ItemPrice>
      <UnitOfMeasurePrice>7.38</UnitOfMeasurePrice>
      <AllowDiscount>1</AllowDiscount>
      <ItemStatus>1</ItemStatus>
    </Item>
    <Item>
      <PriceUpdateDate>2024-01-02 13:05</PriceUpdateDate>
      <ItemCode>7290106723689</ItemCode>
      <ItemType>1</ItemType>
      <ItemName>תרד בייבי  200 גר</ItemName>
      <ManufacturerName>לא ידוע</ManufacturerName>
      <ManufactureCountry>לא ידוע</ManufactureCountry>
      <ManufacturerItemDescription>תרד בייבי  200 גר   </ManufacturerItemDescription>
      <UnitQty>יחידה</UnitQty>
      <Quantity>1.00</Quantity>
      <bIsWeighted>0</bIsWeighted>
      <UnitOfMeasure>יחידה</UnitOfMeasure>
      <QtyInPackage>1</QtyInPackage>
      <ItemPrice>14.90</ItemPrice>
      <UnitOfMeasurePrice>14.90</UnitOfMeasurePrice>
      <AllowDiscount>1</AllowDiscount>
      <ItemStatus>1</ItemStatus>
    </Item>
    <Item>
      <PriceUpdateDate>2025-09-05 09:13</PriceUpdateDate>
      <ItemCode>7290106725867</ItemCode>
      <ItemType>1</ItemType>
      <ItemName>סירופ מייפל טבעי יד מרדכי 189 מ"ל</ItemName>
      <ManufacturerName>לא ידוע</ManufacturerName>
      <ManufactureCountry>לא ידוע</ManufactureCountry>
      <ManufacturerItemDescription>סירופ מייפל טבעי יד </ManufacturerItemDescription>
      <UnitQty>מיליליטרים</UnitQty>
      <Quantity>189.00</Quantity>
      <bIsWeighted>0</bIsWeighted>
      <UnitOfMeasure>100 מ"ל</UnitOfMeasure>
      <QtyInPackage>1</QtyInPackage>
      <ItemPrice>39.90</ItemPrice>
      <UnitOfMeasurePrice>21.11</UnitOfMeasurePrice>
      <AllowDiscount>1</AllowDiscount>
      <ItemStatus>1</ItemStatus>
    </Item>
    <Item>
      <PriceUpdateDate>2022-05-27 11:01</PriceUpdateDate>
      <ItemCode>7290107280020</ItemCode>
      <ItemType>1</ItemType>
      <ItemName>סנו סושי מטליות לחות לנ.כללי עבות שלישיה</ItemName>
      <ManufacturerName>לא ידוע</ManufacturerName>
      <ManufactureCountry>לא ידוע</ManufactureCountry>
      <ManufacturerItemDescription>סנו סושי מטליות לחות</ManufacturerItemDescription>
      <UnitQty>Unknown</UnitQty>
      <Quantity>0.00</Quantity>
      <bIsWeighted>0</bIsWeighted>
      <UnitOfMeasure>Unknown</UnitOfMeasure>
      <QtyInPackage>1</QtyInPackage>
      <ItemPrice>20.90</ItemPrice>
      <UnitOfMeasurePrice>20.90</UnitOfMeasurePrice>
      <AllowDiscount>1</AllowDiscount>
      <ItemStatus>1</ItemStatus>
    </Item>
    <Item>
      <PriceUpdateDate>2025-03-11 08:09</PriceUpdateDate>
      <ItemCode>7290107280082</ItemCode>
      <ItemType>1</ItemType>
      <ItemName>תבניות אלומיניום מוארכות לאפיה 7 יח</ItemName>
      <ManufacturerName>לא ידוע</ManufacturerName>
      <ManufactureCountry>לא ידוע</ManufactureCountry>
      <ManufacturerItemDescription>תבניות אלומיניום מוא</ManufacturerItemDescription>
      <UnitQty>Unknown</UnitQty>
      <Quantity>0.00</Quantity>
      <bIsWeighted>0</bIsWeighted>
      <UnitOfMeasure>Unknown</UnitOfMeasure>
      <QtyInPackage>1</QtyInPackage>
      <ItemPrice>14.50</ItemPrice>
      <UnitOfMeasurePrice>14.50</UnitOfMeasurePrice>
      <AllowDiscount>1</AllowDiscount>
      <ItemStatus>1</ItemStatus>
    </Item>
    <Item>
      <PriceUpdateDate>2025-03-11 15:24</PriceUpdateDate>
      <ItemCode>7290107280099</ItemCode>
      <ItemType>1</ItemType>
      <ItemName>שלישיית מגבונים לחים נשטים באסלה סופט</ItemName>
      <ManufacturerName>לא ידוע</ManufacturerName>
      <ManufactureCountry>לא ידוע</ManufactureCountry>
      <ManufacturerItemDescription>שלישיית מגבונים לחים</ManufacturerItemDescription>
      <UnitQty>Unknown</UnitQty>
      <Quantity>0.00</Quantity>
      <bIsWeighted>0</bIsWeighted>
      <UnitOfMeasure>Unknown</UnitOfMeasure>
      <QtyInPackage>1</QtyInPackage>
      <ItemPrice>20.90</ItemPrice>
      <UnitOfMeasurePrice>20.90</UnitOfMeasurePrice>
      <AllowDiscount>1</AllowDiscount>
      <ItemStatus>1</ItemStatus>
    </Item>
    <Item>
      <PriceUpdateDate>2025-03-11 15:24</PriceUpdateDate>
      <ItemCode>7290107280716</ItemCode>
      <ItemType>1</ItemType>
      <ItemName>מלח למדיח סנו בפארק 2 קג</ItemName>
      <ManufacturerName>לא ידוע</ManufacturerName>
      <ManufactureCountry>לא ידוע</ManufactureCountry>
      <ManufacturerItemDescription>מלח למדיח סנו ספארק </ManufacturerItemDescription>
      <UnitQty>קילוגרמים</UnitQty>
      <Quantity>0.00</Quantity>
      <bIsWeighted>0</bIsWeighted>
      <UnitOfMeasure>ק"ג</UnitOfMeasure>
      <QtyInPackage>1</QtyInPackage>
      <ItemPrice>18.90</ItemPrice>
      <UnitOfMeasurePrice>18.90</UnitOfMeasurePrice>
      <AllowDiscount>1</AllowDiscount>
      <ItemStatus>1</ItemStatus>
    </Item>
    <Item>
      <PriceUpdateDate>2025-03-11 08:17</PriceUpdateDate>
      <ItemCode>7290107280723</ItemCode>
      <ItemType>1</ItemType>
      <ItemName>נוזל כלים סנו ספארק לימון 700 מל</ItemName>
      <ManufacturerName>לא ידוע</ManufacturerName>
      <ManufactureCountry>לא ידוע</ManufactureCountry>
      <ManufacturerItemDescription>נוזל כלים סנו ספארק </ManufacturerItemDescription>
      <UnitQty>מיליליטרים</UnitQty>
      <Quantity>700.00</Quantity>
      <bIsWeighted>0</bIsWeighted>
      <UnitOfMeasure>100 מ"ל</UnitOfMeasure>
      <QtyInPackage>1</QtyInPackage>
      <ItemPrice>13.50</ItemPrice>
      <UnitOfMeasurePrice>1.93</UnitOfMeasurePrice>
      <AllowDiscount>1</AllowDiscount>
      <ItemStatus>1</ItemStatus>
    </Item>
    <Item>
      <PriceUpdateDate>2025-06-06 05:55</PriceUpdateDate>
      <ItemCode>7290107646062</ItemCode>
      <ItemType>1</ItemType>
      <ItemName>קנור מרק בצל רכיבים טבעיים 400 גרם</ItemName>
      <ManufacturerName>לא ידוע</ManufacturerName>
      <ManufactureCountry>לא ידוע</ManufactureCountry>
      <ManufacturerItemDescription>קנור מרק בצל רכיבים </ManufacturerItemDescription>
      <UnitQty>גרמים</UnitQty>
      <Quantity>400.00</Quantity>
      <bIsWeighted>0</bIsWeighted>
      <UnitOfMeasure>100 גרם</UnitOfMeasure>
      <QtyInPackage>1</QtyInPackage>
      <ItemPrice>32.90</ItemPrice>
      <UnitOfMeasurePrice>8.23</UnitOfMeasurePrice>
      <AllowDiscount>1</AllowDiscount>
      <ItemStatus>1</ItemStatus>
    </Item>
    <Item>
      <PriceUpdateDate>2025-09-16 12:36</PriceUpdateDate>
      <ItemCode>7290107646147</ItemCode>
      <ItemType>1</ItemType>
      <ItemName>מאגדת שוגי קורנפלקס 6 יחידות 156 גרם</ItemName>
      <ManufacturerName>לא ידוע</ManufacturerName>
      <ManufactureCountry>לא ידוע</ManufactureCountry>
      <ManufacturerItemDescription>מאגדת שוגי קורנפלקס </ManufacturerItemDescription>
      <UnitQty>גרמים</UnitQty>
      <Quantity>156.00</Quantity>
      <bIsWeighted>0</bIsWeighted>
      <UnitOfMeasure>100 גרם</UnitOfMeasure>
      <QtyInPackage>1</QtyInPackage>
      <ItemPrice>18.90</ItemPrice>
      <UnitOfMeasurePrice>12.12</UnitOfMeasurePrice>
      <AllowDiscount>1</AllowDiscount>
      <ItemStatus>1</ItemStatus>
    </Item>
    <Item>
      <PriceUpdateDate>2025-06-06 05:55</PriceUpdateDate>
      <ItemCode>7290107647731</ItemCode>
      <ItemType>1</ItemType>
      <ItemName>קוקומן חום לבן 20% פחות סוכר 375 גרם</ItemName>
      <ManufacturerName>לא ידוע</ManufacturerName>
      <ManufactureCountry>לא ידוע</ManufactureCountry>
      <ManufacturerItemDescription>קוקומן חום לבן 20% פ</ManufacturerItemDescription>
      <UnitQty>גרמים</UnitQty>
      <Quantity>375.00</Quantity>
      <bIsWeighted>0</bIsWeighted>
      <UnitOfMeasure>100 גרם</UnitOfMeasure>
      <QtyInPackage>1</QtyInPackage>
      <ItemPrice>28.90</ItemPrice>
      <UnitOfMeasurePrice>7.71</UnitOfMeasurePrice>
      <AllowDiscount>1</AllowDiscount>
      <ItemStatus>1</ItemStatus>
    </Item>
    <Item>
      <PriceUpdateDate>2025-05-27 15:07</PriceUpdateDate>
      <ItemCode>7290107647854</ItemCode>
      <ItemType>1</ItemType>
      <ItemName>שוגי 20% פחות סוכר 500 גרם</ItemName>
      <ManufacturerName>לא ידוע</ManufacturerName>
      <ManufactureCountry>לא ידוע</ManufactureCountry>
      <ManufacturerItemDescription>שוגי 20% פחות סוכר 5</ManufacturerItemDescription>
      <UnitQty>גרמים</UnitQty>
      <Quantity>500.00</Quantity>
      <bIsWeighted>0</bIsWeighted>
      <UnitOfMeasure>100 גרם</UnitOfMeasure>
      <QtyInPackage>1</QtyInPackage>
      <ItemPrice>32.90</ItemPrice>
      <UnitOfMeasurePrice>6.58</UnitOfMeasurePrice>
      <AllowDiscount>1</AllowDiscount>
      <ItemStatus>1</ItemStatus>
    </Item>
    <Item>
      <PriceUpdateDate>2025-03-11 15:19</PriceUpdateDate>
      <ItemCode>7290107649094</ItemCode>
      <ItemType>1</ItemType>
      <ItemName>ביג ביג מקלות ארוכים עם שומשום 150 גרם</ItemName>
      <ManufacturerName>לא ידוע</ManufacturerName>
      <ManufactureCountry>לא ידוע</ManufactureCountry>
      <ManufacturerItemDescription>ביג ביג מקלות ארוכים</ManufacturerItemDescription>
      <UnitQty>גרמים</UnitQty>
      <Quantity>150.00</Quantity>
      <bIsWeighted>0</bIsWeighted>
      <UnitOfMeasure>100 גרם</UnitOfMeasure>
      <QtyInPackage>1</QtyInPackage>
      <ItemPrice>10.30</ItemPrice>
      <UnitOfMeasurePrice>6.87</UnitOfMeasurePrice>
      <AllowDiscount>1</AllowDiscount>
      <ItemStatus>1</ItemStatus>
    </Item>
    <Item>
      <PriceUpdateDate>2025-03-06 18:56</PriceUpdateDate>
      <ItemCode>7290107649605</ItemCode>
      <ItemType>1</ItemType>
      <ItemName>קליק שוקולד חלב עם קורנפלקס ופצפוצים</ItemName>
      <ManufacturerName>לא ידוע</ManufacturerName>
      <ManufactureCountry>לא ידוע</ManufactureCountry>
      <ManufacturerItemDescription>קליק שוקולד חלב עם ק</ManufacturerItemDescription>
      <UnitQty>גרמים</UnitQty>
      <Quantity>85.00</Quantity>
      <bIsWeighted>0</bIsWeighted>
      <UnitOfMeasure>100 גרם</UnitOfMeasure>
      <QtyInPackage>1</QtyInPackage>
      <ItemPrice>12.10</ItemPrice>
      <UnitOfMeasurePrice>14.24</UnitOfMeasurePrice>
      <AllowDiscount>1</AllowDiscount>
      <ItemStatus>1</ItemStatus>
    </Item>
    <Item>
      <PriceUpdateDate>2023-06-11 08:44</PriceUpdateDate>
      <ItemCode>7290107871990</ItemCode>
      <ItemType>1</ItemType>
      <ItemName>פסטה צינורות 500 גר אסם</ItemName>
      <ManufacturerName>לא ידוע</ManufacturerName>
      <ManufactureCountry>לא ידוע</ManufactureCountry>
      <ManufacturerItemDescription>פסטה צינורות 500 גר </ManufacturerItemDescription>
      <UnitQty>גרמים</UnitQty>
      <Quantity>500.00</Quantity>
      <bIsWeighted>0</bIsWeighted>
      <UnitOfMeasure>100 גרם</UnitOfMeasure>
      <QtyInPackage>1</QtyInPackage>
      <ItemPrice>7.90</ItemPrice>
      <UnitOfMeasurePrice>1.58</UnitOfMeasurePrice>
      <AllowDiscount>1</AllowDiscount>
      <ItemStatus>1</ItemStatus>
    </Item>
    <Item>
      <PriceUpdateDate>2025-06-06 05:55</PriceUpdateDate>
      <ItemCode>7290107874502</ItemCode>
      <ItemType>1</ItemType>
      <ItemName>ביסלי גריל קדמ. מארז אחיד 10 4*55 גרם</ItemName>
      <ManufacturerName>לא ידוע</ManufacturerName>
      <ManufactureCountry>לא ידוע</ManufactureCountry>
      <ManufacturerItemDescription>ביסלי גריל קדמ. מארז</ManufacturerItemDescription>
      <UnitQty>גרמים</UnitQty>
      <Quantity>200.00</Quantity>
      <bIsWeighted>0</bIsWeighted>
      <UnitOfMeasure>100 גרם</UnitOfMeasure>
      <QtyInPackage>1</QtyInPackage>
      <ItemPrice>19.90</ItemPrice>
      <UnitOfMeasurePrice>9.95</UnitOfMeasurePrice>
      <AllowDiscount>1</AllowDiscount>
      <ItemStatus>1</ItemStatus>
    </Item>
    <Item>
      <PriceUpdateDate>2025-06-06 05:57</PriceUpdateDate>
      <ItemCode>7290107875271</ItemCode>
      <ItemType>1</ItemType>
      <ItemName>ביסלי ברביקיו קדמ. מארז אחיד10 4*55 גרם</ItemName>
      <ManufacturerName>לא ידוע</ManufacturerName>
      <ManufactureCountry>לא ידוע</ManufactureCountry>
      <ManufacturerItemDescription>ביסלי ברביקיו קדמ. מ</ManufacturerItemDescription>
      <UnitQty>גרמים</UnitQty>
      <Quantity>200.00</Quantity>
      <bIsWeighted>0</bIsWeighted>
      <UnitOfMeasure>100 גרם</UnitOfMeasure>
      <QtyInPackage>1</QtyInPackage>
      <ItemPrice>19.90</ItemPrice>
      <UnitOfMeasurePrice>9.95</UnitOfMeasurePrice>
      <AllowDiscount>1</AllowDiscount>
      <ItemStatus>1</ItemStatus>
    </Item>
    <Item>
      <PriceUpdateDate>2025-06-06 05:57</PriceUpdateDate>
      <ItemCode>7290107875820</ItemCode>
      <ItemType>1</ItemType>
      <ItemName>קרוטונים אפויים בתיבול ביתי 180 גרם</ItemName>
      <ManufacturerName>לא ידוע</ManufacturerName>
      <ManufactureCountry>לא ידוע</ManufactureCountry>
      <ManufacturerItemDescription>קרוטונים אפויים בתיב</ManufacturerItemDescription>
      <UnitQty>גרמים</UnitQty>
      <Quantity>180.00</Quantity>
      <bIsWeighted>0</bIsWeighted>
      <UnitOfMeasure>100 גרם</UnitOfMeasure>
      <QtyInPackage>1</QtyInPackage>
      <ItemPrice>18.50</ItemPrice>
      <UnitOfMeasurePrice>10.28</UnitOfMeasurePrice>
      <AllowDiscount>1</AllowDiscount>
      <ItemStatus>1</ItemStatus>
    </Item>
    <Item>
      <PriceUpdateDate>2025-09-16 12:36</PriceUpdateDate>
      <ItemCode>7290107932080</ItemCode>
      <ItemType>1</ItemType>
      <ItemName>חלב מועשר יוטבתה בבקבוק 3% 1 ליטר</ItemName>
      <ManufacturerName>לא ידוע</ManufacturerName>
      <ManufactureCountry>לא ידוע</ManufactureCountry>
      <ManufacturerItemDescription>חלב מועשר יוטבתה בבק</ManufacturerItemDescription>
      <UnitQty>מיליליטרים</UnitQty>
      <Quantity>1000.00</Quantity>
      <bIsWeighted>0</bIsWeighted>
      <UnitOfMeasure>100 מ"ל</UnitOfMeasure>
      <QtyInPackage>1</QtyInPackage>
      <ItemPrice>10.20</ItemPrice>
      <UnitOfMeasurePrice>1.02</UnitOfMeasurePrice>
      <AllowDiscount>1</AllowDiscount>
      <ItemStatus>1</ItemStatus>
    </Item>
    <Item>
      <PriceUpdateDate>2021-01-20 21:12</PriceUpdateDate>
      <ItemCode>7290107933155</ItemCode>
      <ItemType>1</ItemType>
      <ItemName>לקט סלנובה 200 גר</ItemName>
      <ManufacturerName>לא ידוע</ManufacturerName>
      <ManufactureCountry>לא ידוע</ManufactureCountry>
      <ManufacturerItemDescription>לקט סלנובה 200 גר   </ManufacturerItemDescription>
      <UnitQty>גרמים</UnitQty>
      <Quantity>200.00</Quantity>
      <bIsWeighted>0</bIsWeighted>
      <UnitOfMeasure>100 גרם</UnitOfMeasure>
      <QtyInPackage>1</QtyInPackage>
      <ItemPrice>14.90</ItemPrice>
      <UnitOfMeasurePrice>7.45</UnitOfMeasurePrice>
      <AllowDiscount>1</AllowDiscount>
      <ItemStatus>1</ItemStatus>
    </Item>
    <Item>
      <PriceUpdateDate>2025-01-14 08:32</PriceUpdateDate>
      <ItemCode>7290107936309</ItemCode>
      <ItemType>1</ItemType>
      <ItemName>דנונה יווני לבן 6.5% 130 גרם</ItemName>
      <ManufacturerName>לא ידוע</ManufacturerName>
      <ManufactureCountry>לא ידוע</ManufactureCountry>
      <ManufacturerItemDescription>דנונה יווני לבן 6.5%</ManufacturerItemDescription>
      <UnitQty>גרמים</UnitQty>
      <Quantity>130.00</Quantity>
      <bIsWeighted>0</bIsWeighted>
      <UnitOfMeasure>100 גרם</UnitOfMeasure>
      <QtyInPackage>1</QtyInPackage>
      <ItemPrice>4.20</ItemPrice>
      <UnitOfMeasurePrice>3.23</UnitOfMeasurePrice>
      <AllowDiscount>1</AllowDiscount>
      <ItemStatus>1</ItemStatus>
    </Item>
    <Item>
      <PriceUpdateDate>2025-08-13 14:51</PriceUpdateDate>
      <ItemCode>7290107936958</ItemCode>
      <ItemType>1</ItemType>
      <ItemName>אצבעות עד חצות עם שוקולד חלב 125 גר</ItemName>
      <ManufacturerName>לא ידוע</ManufacturerName>
      <ManufactureCountry>ישראל</ManufactureCountry>
      <ManufacturerItemDescription>אצבעות עד חצות עם ש </ManufacturerItemDescription>
      <UnitQty>גרמים</UnitQty>
      <Quantity>125.00</Quantity>
      <bIsWeighted>0</bIsWeighted>
      <UnitOfMeasure>100 גרם</UnitOfMeasure>
      <QtyInPackage>1</QtyInPackage>
      <ItemPrice>19.50</ItemPrice>
      <UnitOfMeasurePrice>15.60</UnitOfMeasurePrice>
      <AllowDiscount>1</AllowDiscount>
      <ItemStatus>1</ItemStatus>
    </Item>
    <Item>
      <PriceUpdateDate>2023-05-11 08:59</PriceUpdateDate>
      <ItemCode>7290107937641</ItemCode>
      <ItemType>1</ItemType>
      <ItemName>צנצנת קוביות בזוקה 58 גר</ItemName>
      <ManufacturerName>לא ידוע</ManufacturerName>
      <ManufactureCountry>לא ידוע</ManufactureCountry>
      <ManufacturerItemDescription>צנצנת קוביות בזוקה 5</ManufacturerItemDescription>
      <UnitQty>גרמים</UnitQty>
      <Quantity>58.00</Quantity>
      <bIsWeighted>0</bIsWeighted>
      <UnitOfMeasure>100 גרם</UnitOfMeasure>
      <QtyInPackage>1</QtyInPackage>
      <ItemPrice>12.20</ItemPrice>
      <UnitOfMeasurePrice>21.03</UnitOfMeasurePrice>
      <AllowDiscount>1</AllowDiscount>
      <ItemStatus>1</ItemStatus>
    </Item>
    <Item>
      <PriceUpdateDate>2025-01-14 08:31</PriceUpdateDate>
      <ItemCode>7290107938396</ItemCode>
      <ItemType>1</ItemType>
      <ItemName>שמיניית אקטימל תות בנים 864 גר</ItemName>
      <ManufacturerName>לא ידוע</ManufacturerName>
      <ManufactureCountry>לא ידוע</ManufactureCountry>
      <ManufacturerItemDescription>שמיניית אקטימל תות 8</ManufacturerItemDescription>
      <UnitQty>גרמים</UnitQty>
      <Quantity>864.00</Quantity>
      <bIsWeighted>0</bIsWeighted>
      <UnitOfMeasure>100 גרם</UnitOfMeasure>
      <QtyInPackage>1</QtyInPackage>
      <ItemPrice>23.20</ItemPrice>
      <UnitOfMeasurePrice>2.69</UnitOfMeasurePrice>
      <AllowDiscount>1</AllowDiscount>
      <ItemStatus>1</ItemStatus>
    </Item>
    <Item>
      <PriceUpdateDate>2024-01-28 06:24</PriceUpdateDate>
      <ItemCode>7290107942355</ItemCode>
      <ItemType>1</ItemType>
      <ItemName>תפוציפס מקלות בטעם טבעי 60 גרם</ItemName>
      <ManufacturerName>לא ידוע</ManufacturerName>
      <ManufactureCountry>IL</ManufactureCountry>
      <ManufacturerItemDescription>תפוציפס מקלות בטעם ט</ManufacturerItemDescription>
      <UnitQty>גרמים</UnitQty>
      <Quantity>60.00</Quantity>
      <bIsWeighted>0</bIsWeighted>
      <UnitOfMeasure>100 גרם</UnitOfMeasure>
      <QtyInPackage>1</QtyInPackage>
      <ItemPrice>5.30</ItemPrice>
      <UnitOfMeasurePrice>8.83</UnitOfMeasurePrice>
      <AllowDiscount>1</AllowDiscount>
      <ItemStatus>1</ItemStatus>
    </Item>
    <Item>
      <PriceUpdateDate>2025-03-06 18:52</PriceUpdateDate>
      <ItemCode>7290107944243</ItemCode>
      <ItemType>1</ItemType>
      <ItemName>וופלים אפיפיות בטעם שוקולד 200 גר</ItemName>
      <ManufacturerName>לא ידוע</ManufacturerName>
      <ManufactureCountry>לא ידוע</ManufactureCountry>
      <ManufacturerItemDescription>וופלים אפיפיות בטעם </ManufacturerItemDescription>
      <UnitQty>גרמים</UnitQty>
      <Quantity>200.00</Quantity>
      <bIsWeighted>0</bIsWeighted>
      <UnitOfMeasure>100 גרם</UnitOfMeasure>
      <QtyInPackage>1</QtyInPackage>
      <ItemPrice>13.50</ItemPrice>
      <UnitOfMeasurePrice>6.75</UnitOfMeasurePrice>
      <AllowDiscount>1</AllowDiscount>
      <ItemStatus>1</ItemStatus>
    </Item>
    <Item>
      <PriceUpdateDate>2025-03-11 15:19</PriceUpdateDate>
      <ItemCode>7290107945165</ItemCode>
      <ItemType>1</ItemType>
      <ItemName>קונפיטורת  יד מרדכי משמש 340 גר</ItemName>
      <ManufacturerName>לא ידוע</ManufacturerName>
      <ManufactureCountry>לא ידוע</ManufactureCountry>
      <ManufacturerItemDescription>קונפיטורת  יד מרדכי </ManufacturerItemDescription>
      <UnitQty>גרמים</UnitQty>
      <Quantity>340.00</Quantity>
      <bIsWeighted>0</bIsWeighted>
      <UnitOfMeasure>100 גרם</UnitOfMeasure>
      <QtyInPackage>1</QtyInPackage>
      <ItemPrice>20.90</ItemPrice>
      <UnitOfMeasurePrice>6.15</UnitOfMeasurePrice>
      <AllowDiscount>1</AllowDiscount>
      <ItemStatus>1</ItemStatus>
    </Item>
    <Item>
      <PriceUpdateDate>2024-11-18 15:47</PriceUpdateDate>
      <ItemCode>7290107950190</ItemCode>
      <ItemType>1</ItemType>
      <ItemName>מעדן דיאט שוקולד מריר 0.5% 130 גר</ItemName>
      <ManufacturerName>לא ידוע</ManufacturerName>
      <ManufactureCountry>לא ידוע</ManufactureCountry>
      <ManufacturerItemDescription>מעדן דיאט שוקולד מרי</ManufacturerItemDescription>
      <UnitQty>גרמים</UnitQty>
      <Quantity>130.00</Quantity>
      <bIsWeighted>0</bIsWeighted>
      <UnitOfMeasure>100 גרם</UnitOfMeasure>
      <QtyInPackage>1</QtyInPackage>
      <ItemPrice>4.20</ItemPrice>
      <UnitOfMeasurePrice>3.23</UnitOfMeasurePrice>
      <AllowDiscount>1</AllowDiscount>
      <ItemStatus>1</ItemStatus>
    </Item>
    <Item>
      <PriceUpdateDate>2024-11-18 15:43</PriceUpdateDate>
      <ItemCode>7290107950206</ItemCode>
      <ItemType>1</ItemType>
      <ItemName>מעדן דיאט שוקולד 0% 130 גר</ItemName>
      <ManufacturerName>לא ידוע</ManufacturerName>
      <ManufactureCountry>לא ידוע</ManufactureCountry>
      <ManufacturerItemDescription>מעדן דיאט שוקולד 0% </ManufacturerItemDescription>
      <UnitQty>גרמים</UnitQty>
      <Quantity>130.00</Quantity>
      <bIsWeighted>0</bIsWeighted>
      <UnitOfMeasure>100 גרם</UnitOfMeasure>
      <QtyInPackage>1</QtyInPackage>
      <ItemPrice>4.20</ItemPrice>
      <UnitOfMeasurePrice>3.23</UnitOfMeasurePrice>
      <AllowDiscount>1</AllowDiscount>
      <ItemStatus>1</ItemStatus>
    </Item>
    <Item>
      <PriceUpdateDate>2025-08-13 14:51</PriceUpdateDate>
      <ItemCode>7290107951104</ItemCode>
      <ItemType>1</ItemType>
      <ItemName>בפלות שוקולד 200 גרם</ItemName>
      <ManufacturerName>לא ידוע</ManufacturerName>
      <ManufactureCountry>לא ידוע</ManufactureCountry>
      <ManufacturerItemDescription>בפלות שוקולד 200 גרם</ManufacturerItemDescription>
      <UnitQty>גרמים</UnitQty>
      <Quantity>200.00</Quantity>
      <bIsWeighted>0</bIsWeighted>
      <UnitOfMeasure>100 גרם</UnitOfMeasure>
      <QtyInPackage>1</QtyInPackage>
      <ItemPrice>8.50</ItemPrice>
      <UnitOfMeasurePrice>4.25</UnitOfMeasurePrice>
      <AllowDiscount>1</AllowDiscount>
      <ItemStatus>1</ItemStatus>
    </Item>
    <Item>
      <PriceUpdateDate>2025-01-29 07:03</PriceUpdateDate>
      <ItemCode>7290107953559</ItemCode>
      <ItemType>1</ItemType>
      <ItemName>מארז טורקי לדרך  168 גרם</ItemName>
      <ManufacturerName>לא ידוע</ManufacturerName>
      <ManufactureCountry>לא ידוע</ManufactureCountry>
      <ManufacturerItemDescription>מארז טורקי לדרך  168</ManufacturerItemDescription>
      <UnitQty>גרמים</UnitQty>
      <Quantity>168.00</Quantity>
      <bIsWeighted>0</bIsWeighted>
      <UnitOfMeasure>100 גרם</UnitOfMeasure>
      <QtyInPackage>1</QtyInPackage>
      <ItemPrice>22.90</ItemPrice>
      <UnitOfMeasurePrice>13.63</UnitOfMeasurePrice>
      <AllowDiscount>1</AllowDiscount>
      <ItemStatus>1</ItemStatus>
    </Item>
    <Item>
      <PriceUpdateDate>2025-08-13 14:50</PriceUpdateDate>
      <ItemCode>7290107954976</ItemCode>
      <ItemType>1</ItemType>
      <ItemName>משקה פרו קפה יטבתה 350 מל</ItemName>
      <ManufacturerName>לא ידוע</ManufacturerName>
      <ManufactureCountry>לא ידוע</ManufactureCountry>
      <ManufacturerItemDescription>משקה פרו קפה יטבתה 3</ManufacturerItemDescription>
      <UnitQty>מיליליטרים</UnitQty>
      <Quantity>350.00</Quantity>
      <bIsWeighted>0</bIsWeighted>
      <UnitOfMeasure>100 מ"ל</UnitOfMeasure>
      <QtyInPackage>1</QtyInPackage>
      <ItemPrice>8.90</ItemPrice>
      <UnitOfMeasurePrice>2.54</UnitOfMeasurePrice>
      <AllowDiscount>1</AllowDiscount>
      <ItemStatus>1</ItemStatus>
    </Item>
    <Item>
      <PriceUpdateDate>2025-12-02 08:57</PriceUpdateDate>
      <ItemCode>7290107956642</ItemCode>
      <ItemType>1</ItemType>
      <ItemName>תרסיס שמן זית יד מרדכי 150 מ"ל</ItemName>
      <ManufacturerName>לא ידוע</ManufacturerName>
      <ManufactureCountry>לא ידוע</ManufactureCountry>
      <ManufacturerItemDescription>תרסיס שמן זית יד מרד</ManufacturerItemDescription>
      <UnitQty>מיליליטרים</UnitQty>
      <Quantity>150.00</Quantity>
      <bIsWeighted>0</bIsWeighted>
      <UnitOfMeasure>100 מ"ל</UnitOfMeasure>
      <QtyInPackage>1</QtyInPackage>
      <ItemPrice>21.90</ItemPrice>
      <UnitOfMeasurePrice>14.60</UnitOfMeasurePrice>
      <AllowDiscount>1</AllowDiscount>
      <ItemStatus>1</ItemStatus>
    </Item>
    <Item>
      <PriceUpdateDate>2025-09-16 12:36</PriceUpdateDate>
      <ItemCode>7290107957991</ItemCode>
      <ItemType>1</ItemType>
      <ItemName>מילקי CAKE מינייס 144 גר</ItemName>
      <ManufacturerName>לא ידוע</ManufacturerName>
      <ManufactureCountry>IT</ManufactureCountry>
      <ManufacturerItemDescription>מילקי CAKE מינייס 14</ManufacturerItemDescription>
      <UnitQty>גרמים</UnitQty>
      <Quantity>144.00</Quantity>
      <bIsWeighted>0</bIsWeighted>
      <UnitOfMeasure>100 גרם</UnitOfMeasure>
      <QtyInPackage>1</QtyInPackage>
      <ItemPrice>18.80</ItemPrice>
      <UnitOfMeasurePrice>13.06</UnitOfMeasurePrice>
      <AllowDiscount>1</AllowDiscount>
      <ItemStatus>1</ItemStatus>
    </Item>
    <Item>
      <PriceUpdateDate>2025-01-29 07:03</PriceUpdateDate>
      <ItemCode>7290107974066</ItemCode>
      <ItemType>1</ItemType>
      <ItemName>מנה עלי טורטיה קמח מלא מ.שף 20 סמ 320 גר</ItemName>
      <ManufacturerName>מישן פוד</ManufacturerName>
      <ManufactureCountry>ספרד</ManufactureCountry>
      <ManufacturerItemDescription>מנה עלי טורטיה קמח מ</ManufacturerItemDescription>
      <UnitQty>גרמים</UnitQty>
      <Quantity>320.00</Quantity>
      <bIsWeighted>0</bIsWeighted>
      <UnitOfMeasure>100 גרם</UnitOfMeasure>
      <QtyInPackage>1</QtyInPackage>
      <ItemPrice>12.90</ItemPrice>
      <UnitOfMeasurePrice>4.03</UnitOfMeasurePrice>
      <AllowDiscount>1</AllowDiscount>
      <ItemStatus>1</ItemStatus>
    </Item>
    <Item>
      <PriceUpdateDate>2025-01-29 07:03</PriceUpdateDate>
      <ItemCode>7290107974073</ItemCode>
      <ItemType>1</ItemType>
      <ItemName>מנה עלי טורטיה קמח לבן מ.שף 20 סמ 320 גר</ItemName>
      <ManufacturerName>לא ידוע</ManufacturerName>
      <ManufactureCountry>טורקיה</ManufactureCountry>
      <ManufacturerItemDescription>עלי טורטיה קמח חיטה </ManufacturerItemDescription>
      <UnitQty>גרמים</UnitQty>
      <Quantity>320.00</Quantity>
      <bIsWeighted>0</bIsWeighted>
      <UnitOfMeasure>100 גרם</UnitOfMeasure>
      <QtyInPackage>1</QtyInPackage>
      <ItemPrice>12.90</ItemPrice>
      <UnitOfMeasurePrice>4.03</UnitOfMeasurePrice>
      <AllowDiscount>1</AllowDiscount>
      <ItemStatus>1</ItemStatus>
    </Item>
    <Item>
      <PriceUpdateDate>2021-02-15 20:48</PriceUpdateDate>
      <ItemCode>7290107974080</ItemCode>
      <ItemType>1</ItemType>
      <ItemName>מנה עלי טורטיה קמח לבן מ.שף 25 סמ 756 גר</ItemName>
      <ManufacturerName>אלב אן אונלו מאמולרי</ManufacturerName>
      <ManufactureCountry>טורקיה</ManufactureCountry>
      <ManufacturerItemDescription>עלי טורטיה קמח חיטה </ManufacturerItemDescription>
      <UnitQty>גרמים</UnitQty>
      <Quantity>840.00</Quantity>
      <bIsWeighted>0</bIsWeighted>
      <UnitOfMeasure>100 גרם</UnitOfMeasure>
      <QtyInPackage>1</QtyInPackage>
      <ItemPrice>18.90</ItemPrice>
      <UnitOfMeasurePrice>2.25</UnitOfMeasurePrice>
      <AllowDiscount>1</AllowDiscount>
      <ItemStatus>1</ItemStatus>
    </Item>
    <Item>
      <PriceUpdateDate>2021-01-20 21:12</PriceUpdateDate>
      <ItemCode>7290107978453</ItemCode>
      <ItemType>1</ItemType>
      <ItemName>קראנצוס גריל 55 גרם</ItemName>
      <ManufacturerName>לא ידוע</ManufacturerName>
      <ManufactureCountry>לא ידוע</ManufactureCountry>
      <ManufacturerItemDescription>קראנצוס גריל 55 גרם </ManufacturerItemDescription>
      <UnitQty>גרמים</UnitQty>
      <Quantity>55.00</Quantity>
      <bIsWeighted>0</bIsWeighted>
      <UnitOfMeasure>100 גרם</UnitOfMeasure>
      <QtyInPackage>1</QtyInPackage>
      <ItemPrice>3.90</ItemPrice>
      <UnitOfMeasurePrice>7.09</UnitOfMeasurePrice>
      <AllowDiscount>1</AllowDiscount>
      <ItemStatus>1</ItemStatus>
    </Item>
    <Item>
      <PriceUpdateDate>2024-12-01 09:15</PriceUpdateDate>
      <ItemCode>7290108070309</ItemCode>
      <ItemType>1</ItemType>
      <ItemName>שקית בלונים פסטל מעו</ItemName>
      <ManufacturerName>לא ידוע</ManufacturerName>
      <ManufactureCountry />
      <ManufacturerItemDescription>שקית בלונים פסטל מעו</ManufacturerItemDescription>
      <UnitQty>Unknown</UnitQty>
      <Quantity>0.00</Quantity>
      <bIsWeighted>0</bIsWeighted>
      <UnitOfMeasure>Unknown</UnitOfMeasure>
      <QtyInPackage>1</QtyInPackage>
      <ItemPrice>29.90</ItemPrice>
      <UnitOfMeasurePrice>29.90</UnitOfMeasurePrice>
      <AllowDiscount>1</AllowDiscount>
      <ItemStatus>1</ItemStatus>
    </Item>
    <Item>
      <PriceUpdateDate>2022-06-09 17:50</PriceUpdateDate>
      <ItemCode>7290108350128</ItemCode>
      <ItemType>1</ItemType>
      <ItemName>סנו סושי 40 שקיות אשפה חזקות במיוחד</ItemName>
      <ManufacturerName>לא ידוע</ManufacturerName>
      <ManufactureCountry>לא ידוע</ManufactureCountry>
      <ManufacturerItemDescription>סנו סושי 40 שקיות אש</ManufacturerItemDescription>
      <UnitQty>Unknown</UnitQty>
      <Quantity>0.00</Quantity>
      <bIsWeighted>0</bIsWeighted>
      <UnitOfMeasure>Unknown</UnitOfMeasure>
      <QtyInPackage>1</QtyInPackage>
      <ItemPrice>29.90</ItemPrice>
      <UnitOfMeasurePrice>29.90</UnitOfMeasurePrice>
      <AllowDiscount>1</AllowDiscount>
      <ItemStatus>1</ItemStatus>
    </Item>
    <Item>
      <PriceUpdateDate>2022-01-15 14:01</PriceUpdateDate>
      <ItemCode>7290108350210</ItemCode>
      <ItemType>1</ItemType>
      <ItemName>סנו סושי שקיות אשפה 30 יח XL</ItemName>
      <ManufacturerName>לא ידוע</ManufacturerName>
      <ManufactureCountry>לא ידוע</ManufactureCountry>
      <ManufacturerItemDescription>סנו סושי שקיות אשפה </ManufacturerItemDescription>
      <UnitQty>Unknown</UnitQty>
      <Quantity>0.00</Quantity>
      <bIsWeighted>0</bIsWeighted>
      <UnitOfMeasure>Unknown</UnitOfMeasure>
      <QtyInPackage>1</QtyInPackage>
      <ItemPrice>28.50</ItemPrice>
      <UnitOfMeasurePrice>28.50</UnitOfMeasurePrice>
      <AllowDiscount>1</AllowDiscount>
      <ItemStatus>1</ItemStatus>
    </Item>
    <Item>
      <PriceUpdateDate>2023-05-02 12:09</PriceUpdateDate>
      <ItemCode>7290108350616</ItemCode>
      <ItemType>1</ItemType>
      <ItemName>מרכך כביסה מקסימה סופר מרוכ bluo blossom</ItemName>
      <ManufacturerName>לא ידוע</ManufacturerName>
      <ManufactureCountry>לא ידוע</ManufactureCountry>
      <ManufacturerItemDescription>מרכך כביסה מקסימה   </ManufacturerItemDescription>
      <UnitQty>מיליליטרים</UnitQty>
      <Quantity>1000.00</Quantity>
      <bIsWeighted>0</bIsWeighted>
      <UnitOfMeasure>100 מ"ל</UnitOfMeasure>
      <QtyInPackage>1</QtyInPackage>
      <ItemPrice>19.90</ItemPrice>
      <UnitOfMeasurePrice>1.99</UnitOfMeasurePrice>
      <AllowDiscount>1</AllowDiscount>
      <ItemStatus>1</ItemStatus>
    </Item>
    <Item>
      <PriceUpdateDate>2024-09-04 11:34</PriceUpdateDate>
      <ItemCode>7290108352207</ItemCode>
      <ItemType>1</ItemType>
      <ItemName>קפסולות לכביסה סנו מקסימה פלורל 40 יח</ItemName>
      <ManufacturerName>לא ידוע</ManufacturerName>
      <ManufactureCountry>ישראל</ManufactureCountry>
      <ManufacturerItemDescription>קפסולות לכביסה סנו מ</ManufacturerItemDescription>
      <UnitQty>Unknown</UnitQty>
      <Quantity>0.00</Quantity>
      <bIsWeighted>0</bIsWeighted>
      <UnitOfMeasure>Unknown</UnitOfMeasure>
      <QtyInPackage>1</QtyInPackage>
      <ItemPrice>44.90</ItemPrice>
      <UnitOfMeasurePrice>44.90</UnitOfMeasurePrice>
      <AllowDiscount>1</AllowDiscount>
      <ItemStatus>1</ItemStatus>
    </Item>
    <Item>
      <PriceUpdateDate>2025-03-11 08:06</PriceUpdateDate>
      <ItemCode>7290108352641</ItemCode>
      <ItemType>1</ItemType>
      <ItemName>מטלית הפלא לניקוי כללי סנו סושי 3 יח</ItemName>
      <ManufacturerName>לא ידוע</ManufacturerName>
      <ManufactureCountry>לא ידוע</ManufactureCountry>
      <ManufacturerItemDescription>מטלית הפלא לניקוי כל</ManufacturerItemDescription>
      <UnitQty>Unknown</UnitQty>
      <Quantity>0.00</Quantity>
      <bIsWeighted>0</bIsWeighted>
      <UnitOfMeasure>Unknown</UnitOfMeasure>
      <QtyInPackage>1</QtyInPackage>
      <ItemPrice>20.90</ItemPrice>
      <UnitOfMeasurePrice>20.90</UnitOfMeasurePrice>
      <AllowDiscount>1</AllowDiscount>
      <ItemStatus>1</ItemStatus>
    </Item>
    <Item>
      <PriceUpdateDate>2022-05-24 14:46</PriceUpdateDate>
      <ItemCode>7290108352801</ItemCode>
      <ItemType>1</ItemType>
      <ItemName>שקיות אשפה סנו סושי לפחים קטנים 100 יח</ItemName>
      <ManufacturerName>לא ידוע</ManufacturerName>
      <ManufactureCountry>לא ידוע</ManufactureCountry>
      <ManufacturerItemDescription>שקיות אשפה סנו סושי </ManufacturerItemDescription>
      <UnitQty>Unknown</UnitQty>
      <Quantity>0.00</Quantity>
      <bIsWeighted>0</bIsWeighted>
      <UnitOfMeasure>Unknown</UnitOfMeasure>
      <QtyInPackage>1</QtyInPackage>
      <ItemPrice>22.90</ItemPrice>
      <UnitOfMeasurePrice>22.90</UnitOfMeasurePrice>
      <AllowDiscount>1</AllowDiscount>
      <ItemStatus>1</ItemStatus>
    </Item>
    <Item>
      <PriceUpdateDate>2022-12-01 09:14</PriceUpdateDate>
      <ItemCode>7290108352900</ItemCode>
      <ItemType>1</ItemType>
      <ItemName>מגבות נייר סנו סושי 6=12 גל 126.9 מטר</ItemName>
      <ManufacturerName>לא ידוע</ManufacturerName>
      <ManufactureCountry>ישראל</ManufactureCountry>
      <ManufacturerItemDescription>מגבות נייר סנו סושי </ManufacturerItemDescription>
      <UnitQty>מטרים</UnitQty>
      <Quantity>126.60</Quantity>
      <bIsWeighted>0</bIsWeighted>
      <UnitOfMeasure>מטר</UnitOfMeasure>
      <QtyInPackage>1</QtyInPackage>
      <ItemPrice>27.90</ItemPrice>
      <UnitOfMeasurePrice>0.22</UnitOfMeasurePrice>
      <AllowDiscount>1</AllowDiscount>
      <ItemStatus>1</ItemStatus>
    </Item>
    <Item>
      <PriceUpdateDate>2025-03-11 08:21</PriceUpdateDate>
      <ItemCode>7290108352924</ItemCode>
      <ItemType>1</ItemType>
      <ItemName>כפפות סנו סושי M ניטריל 80 יח</ItemName>
      <ManufacturerName>לא ידוע</ManufacturerName>
      <ManufactureCountry />
      <ManufacturerItemDescription>כפפות סנו סושי M ניט</ManufacturerItemDescription>
      <UnitQty>Unknown</UnitQty>
      <Quantity>0.00</Quantity>
      <bIsWeighted>0</bIsWeighted>
      <UnitOfMeasure>Unknown</UnitOfMeasure>
      <QtyInPackage>1</QtyInPackage>
      <ItemPrice>30.50</ItemPrice>
      <UnitOfMeasurePrice>30.50</UnitOfMeasurePrice>
      <AllowDiscount>1</AllowDiscount>
      <ItemStatus>1</ItemStatus>
    </Item>
    <Item>
      <PriceUpdateDate>2024-05-02 15:18</PriceUpdateDate>
      <ItemCode>7290108353853</ItemCode>
      <ItemType>1</ItemType>
      <ItemName>נייר אפייה לאינגליש קייק סושי</ItemName>
      <ManufacturerName>לא ידוע</ManufacturerName>
      <ManufactureCountry>ישראל</ManufactureCountry>
      <ManufacturerItemDescription>נייר אפייה לאינגליש </ManufacturerItemDescription>
      <UnitQty>Unknown</UnitQty>
      <Quantity>0.00</Quantity>
      <bIsWeighted>0</bIsWeighted>
      <UnitOfMeasure>Unknown</UnitOfMeasure>
      <QtyInPackage>1</QtyInPackage>
      <ItemPrice>12.90</ItemPrice>
      <UnitOfMeasurePrice>12.90</UnitOfMeasurePrice>
      <AllowDiscount>1</AllowDiscount>
      <ItemStatus>1</ItemStatus>
    </Item>
    <Item>
      <PriceUpdateDate>2025-03-11 15:24</PriceUpdateDate>
      <ItemCode>7290108359077</ItemCode>
      <ItemType>1</ItemType>
      <ItemName>ממחטות אף סופט לושן 3 שכבות</ItemName>
      <ManufacturerName>לא ידוע</ManufacturerName>
      <ManufactureCountry>ישראל</ManufactureCountry>
      <ManufacturerItemDescription>ממחטות אף סופט לושן </ManufacturerItemDescription>
      <UnitQty>יחידה</UnitQty>
      <Quantity>1.00</Quantity>
      <bIsWeighted>0</bIsWeighted>
      <UnitOfMeasure>יחידה</UnitOfMeasure>
      <QtyInPackage>1</QtyInPackage>
      <ItemPrice>17.50</ItemPrice>
      <UnitOfMeasurePrice>17.50</UnitOfMeasurePrice>
      <AllowDiscount>1</AllowDiscount>
      <ItemStatus>1</ItemStatus>
    </Item>
    <Item>
      <PriceUpdateDate>2025-03-11 08:14</PriceUpdateDate>
      <ItemCode>7290108359282</ItemCode>
      <ItemType>1</ItemType>
      <ItemName>נייר טואלט סנו סופט פרימיום 18 גלילים</ItemName>
      <ManufacturerName>לא ידוע</ManufacturerName>
      <ManufactureCountry>לא ידוע</ManufactureCountry>
      <ManufacturerItemDescription>נייר טואלט סנו סופט </ManufacturerItemDescription>
      <UnitQty>מטרים</UnitQty>
      <Quantity>310.00</Quantity>
      <bIsWeighted>0</bIsWeighted>
      <UnitOfMeasure>מטר</UnitOfMeasure>
      <QtyInPackage>1</QtyInPackage>
      <ItemPrice>52.90</ItemPrice>
      <UnitOfMeasurePrice>0.17</UnitOfMeasurePrice>
      <AllowDiscount>1</AllowDiscount>
      <ItemStatus>1</ItemStatus>
    </Item>
    <Item>
      <PriceUpdateDate>2025-11-25 14:27</PriceUpdateDate>
      <ItemCode>7290108359794</ItemCode>
      <ItemType>1</ItemType>
      <ItemName>ספארק נוזל כלים למון גראס 1 ליטר</ItemName>
      <ManufacturerName>לא ידוע</ManufacturerName>
      <ManufactureCountry>ישראל</ManufactureCountry>
      <ManufacturerItemDescription>ספארק נוזל כלים למון</ManufacturerItemDescription>
      <UnitQty>מיליליטרים</UnitQty>
      <Quantity>1000.00</Quantity>
      <bIsWeighted>0</bIsWeighted>
      <UnitOfMeasure>100 מ"ל</UnitOfMeasure>
      <QtyInPackage>1</QtyInPackage>
      <ItemPrice>16.90</ItemPrice>
      <UnitOfMeasurePrice>1.69</UnitOfMeasurePrice>
      <AllowDiscount>1</AllowDiscount>
      <ItemStatus>1</ItemStatus>
    </Item>
    <Item>
      <PriceUpdateDate>2022-02-10 07:36</PriceUpdateDate>
      <ItemCode>7290108359985</ItemCode>
      <ItemType>1</ItemType>
      <ItemName>סנו זאוול מרסס פריחה לבנה 1 ליטר</ItemName>
      <ManufacturerName>לא ידוע</ManufacturerName>
      <ManufactureCountry />
      <ManufacturerItemDescription>סנו זאוול מרסס פריחה</ManufacturerItemDescription>
      <UnitQty>מיליליטרים</UnitQty>
      <Quantity>1000.00</Quantity>
      <bIsWeighted>0</bIsWeighted>
      <UnitOfMeasure>100 מ"ל</UnitOfMeasure>
      <QtyInPackage>1</QtyInPackage>
      <ItemPrice>19.90</ItemPrice>
      <UnitOfMeasurePrice>1.99</UnitOfMeasurePrice>
      <AllowDiscount>1</AllowDiscount>
      <ItemStatus>1</ItemStatus>
    </Item>
    <Item>
      <PriceUpdateDate>2025-05-23 08:04</PriceUpdateDate>
      <ItemCode>7290108500677</ItemCode>
      <ItemType>1</ItemType>
      <ItemName>כבד דג שיבוט בשמן הדג 115 גרם</ItemName>
      <ManufacturerName>לא ידוע</ManufacturerName>
      <ManufactureCountry>לא ידוע</ManufactureCountry>
      <ManufacturerItemDescription>כבד דג שיבוט בשמן הד</ManufacturerItemDescription>
      <UnitQty>גרמים</UnitQty>
      <Quantity>115.00</Quantity>
      <bIsWeighted>0</bIsWeighted>
      <UnitOfMeasure>100 גרם</UnitOfMeasure>
      <QtyInPackage>1</QtyInPackage>
      <ItemPrice>14.90</ItemPrice>
      <UnitOfMeasurePrice>12.96</UnitOfMeasurePrice>
      <AllowDiscount>1</AllowDiscount>
      <ItemStatus>1</ItemStatus>
    </Item>
    <Item>
      <PriceUpdateDate>2023-12-26 14:27</PriceUpdateDate>
      <ItemCode>7290108501346</ItemCode>
      <ItemType>1</ItemType>
      <ItemName>גבינה גאודה מגורדת 28% 500 גר</ItemName>
      <ManufacturerName>לא ידוע</ManufacturerName>
      <ManufactureCountry>לא ידוע</ManufactureCountry>
      <ManufacturerItemDescription>גבינה גאודה מגורדת 2</ManufacturerItemDescription>
      <UnitQty>גרמים</UnitQty>
      <Quantity>500.00</Quantity>
      <bIsWeighted>0</bIsWeighted>
      <UnitOfMeasure>100 גרם</UnitOfMeasure>
      <QtyInPackage>1</QtyInPackage>
      <ItemPrice>27.90</ItemPrice>
      <UnitOfMeasurePrice>5.58</UnitOfMeasurePrice>
      <AllowDiscount>1</AllowDiscount>
      <ItemStatus>1</ItemStatus>
    </Item>
    <Item>
      <PriceUpdateDate>2023-12-14 09:24</PriceUpdateDate>
      <ItemCode>7290108502725</ItemCode>
      <ItemType>1</ItemType>
      <ItemName>גבינת גאודה פרוסות 400 גר</ItemName>
      <ManufacturerName>לא ידוע</ManufacturerName>
      <ManufactureCountry>ישראל</ManufactureCountry>
      <ManufacturerItemDescription>גבינת גאודה פרוסות 4</ManufacturerItemDescription>
      <UnitQty>גרמים</UnitQty>
      <Quantity>400.00</Quantity>
      <bIsWeighted>0</bIsWeighted>
      <UnitOfMeasure>100 גרם</UnitOfMeasure>
      <QtyInPackage>1</QtyInPackage>
      <ItemPrice>26.50</ItemPrice>
      <UnitOfMeasurePrice>6.63</UnitOfMeasurePrice>
      <AllowDiscount>1</AllowDiscount>
      <ItemStatus>1</ItemStatus>
    </Item>
    <Item>
      <PriceUpdateDate>2025-03-11 08:28</PriceUpdateDate>
      <ItemCode>7290108502763</ItemCode>
      <ItemType>1</ItemType>
      <ItemName>גבינה קממבר 200 גר</ItemName>
      <ManufacturerName>לא ידוע</ManufacturerName>
      <ManufactureCountry>צרפת</ManufactureCountry>
      <ManufacturerItemDescription>גבינה קממבר 200 גר  </ManufacturerItemDescription>
      <UnitQty>גרמים</UnitQty>
      <Quantity>200.00</Quantity>
      <bIsWeighted>0</bIsWeighted>
      <UnitOfMeasure>100 גרם</UnitOfMeasure>
      <QtyInPackage>1</QtyInPackage>
      <ItemPrice>26.90</ItemPrice>
      <UnitOfMeasurePrice>13.45</UnitOfMeasurePrice>
      <AllowDiscount>1</AllowDiscount>
      <ItemStatus>1</ItemStatus>
    </Item>
    <Item>
      <PriceUpdateDate>2025-03-11 08:28</PriceUpdateDate>
      <ItemCode>7290108503067</ItemCode>
      <ItemType>1</ItemType>
      <ItemName>פרמזנו משולש 150 גרם</ItemName>
      <ManufacturerName>לא ידוע</ManufacturerName>
      <ManufactureCountry>לא ידוע</ManufactureCountry>
      <ManufacturerItemDescription>פרמזנו משולש 150 גרם</ManufacturerItemDescription>
      <UnitQty>גרמים</UnitQty>
      <Quantity>150.00</Quantity>
      <bIsWeighted>0</bIsWeighted>
      <UnitOfMeasure>100 גרם</UnitOfMeasure>
      <QtyInPackage>1</QtyInPackage>
      <ItemPrice>21.90</ItemPrice>
      <UnitOfMeasurePrice>14.60</UnitOfMeasurePrice>
      <AllowDiscount>1</AllowDiscount>
      <ItemStatus>1</ItemStatus>
    </Item>
    <Item>
      <PriceUpdateDate>2025-03-11 08:23</PriceUpdateDate>
      <ItemCode>7290108504293</ItemCode>
      <ItemType>1</ItemType>
      <ItemName>איבריקו צאנק 150 גרם</ItemName>
      <ManufacturerName>לא ידוע</ManufacturerName>
      <ManufactureCountry />
      <ManufacturerItemDescription>מנצגו צאנק 150 גרם  </ManufacturerItemDescription>
      <UnitQty>גרמים</UnitQty>
      <Quantity>150.00</Quantity>
      <bIsWeighted>0</bIsWeighted>
      <UnitOfMeasure>100 גרם</UnitOfMeasure>
      <QtyInPackage>1</QtyInPackage>
      <ItemPrice>24.90</ItemPrice>
      <UnitOfMeasurePrice>16.60</UnitOfMeasurePrice>
      <AllowDiscount>1</AllowDiscount>
      <ItemStatus>1</ItemStatus>
    </Item>
    <Item>
      <PriceUpdateDate>2025-01-29 07:03</PriceUpdateDate>
      <ItemCode>7290108504699</ItemCode>
      <ItemType>1</ItemType>
      <ItemName>רביעית טונה בשמן קנולה וילי פוד 4*160 גר</ItemName>
      <ManufacturerName>לא ידוע</ManufacturerName>
      <ManufactureCountry>תאילנד</ManufactureCountry>
      <ManufacturerItemDescription>רביעית טונה בשמן קנו</ManufacturerItemDescription>
      <UnitQty>גרמים</UnitQty>
      <Quantity>640.00</Quantity>
      <bIsWeighted>0</bIsWeighted>
      <UnitOfMeasure>100 גרם</UnitOfMeasure>
      <QtyInPackage>1</QtyInPackage>
      <ItemPrice>24.90</ItemPrice>
      <UnitOfMeasurePrice>3.89</UnitOfMeasurePrice>
      <AllowDiscount>1</AllowDiscount>
      <ItemStatus>1</ItemStatus>
    </Item>
    <Item>
      <PriceUpdateDate>2025-03-25 06:58</PriceUpdateDate>
      <ItemCode>7290108505603</ItemCode>
      <ItemType>1</ItemType>
      <ItemName>שלישיית טונה בהירה בשמן וילי פוד 3*80 גר</ItemName>
      <ManufacturerName>לא ידוע</ManufacturerName>
      <ManufactureCountry>תאילנד</ManufactureCountry>
      <ManufacturerItemDescription>שלישיית טונה בהירה ב</ManufacturerItemDescription>
      <UnitQty>גרמים</UnitQty>
      <Quantity>240.00</Quantity>
      <bIsWeighted>0</bIsWeighted>
      <UnitOfMeasure>100 גרם</UnitOfMeasure>
      <QtyInPackage>1</QtyInPackage>
      <ItemPrice>15.50</ItemPrice>
      <UnitOfMeasurePrice>6.46</UnitOfMeasurePrice>
      <AllowDiscount>1</AllowDiscount>
      <ItemStatus>1</ItemStatus>
    </Item>
    <Item>
      <PriceUpdateDate>2025-03-11 08:28</PriceUpdateDate>
      <ItemCode>7290108505689</ItemCode>
      <ItemType>1</ItemType>
      <ItemName>גבינת גרנה פדנו מגורדת 100 גרם</ItemName>
      <ManufacturerName>לא ידוע</ManufacturerName>
      <ManufactureCountry>איטליה</ManufactureCountry>
      <ManufacturerItemDescription>גבינת גרנה פדנו מגור</ManufacturerItemDescription>
      <UnitQty>גרמים</UnitQty>
      <Quantity>100.00</Quantity>
      <bIsWeighted>0</bIsWeighted>
      <UnitOfMeasure>100 גרם</UnitOfMeasure>
      <QtyInPackage>1</QtyInPackage>
      <ItemPrice>14.50</ItemPrice>
      <UnitOfMeasurePrice>14.50</UnitOfMeasurePrice>
      <AllowDiscount>1</AllowDiscount>
      <ItemStatus>1</ItemStatus>
    </Item>
    <Item>
      <PriceUpdateDate>2025-03-11 08:29</PriceUpdateDate>
      <ItemCode>7290108506631</ItemCode>
      <ItemType>1</ItemType>
      <ItemName>רביולי גבינות 250 גרם</ItemName>
      <ManufacturerName>לא ידוע</ManufacturerName>
      <ManufactureCountry>איטליה</ManufactureCountry>
      <ManufacturerItemDescription>רביולי גבינות 250 גר</ManufacturerItemDescription>
      <UnitQty>גרמים</UnitQty>
      <Quantity>250.00</Quantity>
      <bIsWeighted>0</bIsWeighted>
      <UnitOfMeasure>100 גרם</UnitOfMeasure>
      <QtyInPackage>1</QtyInPackage>
      <ItemPrice>17.50</ItemPrice>
      <UnitOfMeasurePrice>7.00</UnitOfMeasurePrice>
      <AllowDiscount>1</AllowDiscount>
      <ItemStatus>1</ItemStatus>
    </Item>
    <Item>
      <PriceUpdateDate>2025-07-25 23:01</PriceUpdateDate>
      <ItemCode>7290108509267</ItemCode>
      <ItemType>1</ItemType>
      <ItemName>ארוחת פסטה עם רוטב גבינה 206 גר</ItemName>
      <ManufacturerName>לא ידוע</ManufacturerName>
      <ManufactureCountry />
      <ManufacturerItemDescription>ארוחת פסטה עם רוטב ג</ManufacturerItemDescription>
      <UnitQty>גרמים</UnitQty>
      <Quantity>206.00</Quantity>
      <bIsWeighted>0</bIsWeighted>
      <UnitOfMeasure>100 גרם</UnitOfMeasure>
      <QtyInPackage>1</QtyInPackage>
      <ItemPrice>9.90</ItemPrice>
      <UnitOfMeasurePrice>4.81</UnitOfMeasurePrice>
      <AllowDiscount>1</AllowDiscount>
      <ItemStatus>1</ItemStatus>
    </Item>
    <Item>
      <PriceUpdateDate>2025-03-11 08:29</PriceUpdateDate>
      <ItemCode>7290108509755</ItemCode>
      <ItemType>1</ItemType>
      <ItemName>גבינה חלומי 250 גרם 23% שומן</ItemName>
      <ManufacturerName>לא ידוע</ManufacturerName>
      <ManufactureCountry />
      <ManufacturerItemDescription>גבינה חלומי 250 גרם </ManufacturerItemDescription>
      <UnitQty>גרמים</UnitQty>
      <Quantity>250.00</Quantity>
      <bIsWeighted>0</bIsWeighted>
      <UnitOfMeasure>100 גרם</UnitOfMeasure>
      <QtyInPackage>1</QtyInPackage>
      <ItemPrice>29.90</ItemPrice>
      <UnitOfMeasurePrice>11.96</UnitOfMeasurePrice>
      <AllowDiscount>1</AllowDiscount>
      <ItemStatus>1</ItemStatus>
    </Item>
    <Item>
      <PriceUpdateDate>2025-01-05 19:46</PriceUpdateDate>
      <ItemCode>7290109352916</ItemCode>
      <ItemType>1</ItemType>
      <ItemName>פיטנס בר פריכיות שוקולד לבן 84 גרם</ItemName>
      <ManufacturerName>לא ידוע</ManufacturerName>
      <ManufactureCountry>לא ידוע</ManufactureCountry>
      <ManufacturerItemDescription>פיטנס בר פריכיות שוק</ManufacturerItemDescription>
      <UnitQty>גרמים</UnitQty>
      <Quantity>84.00</Quantity>
      <bIsWeighted>0</bIsWeighted>
      <UnitOfMeasure>100 גרם</UnitOfMeasure>
      <QtyInPackage>1</QtyInPackage>
      <ItemPrice>18.90</ItemPrice>
      <UnitOfMeasurePrice>22.50</UnitOfMeasurePrice>
      <AllowDiscount>1</AllowDiscount>
      <ItemStatus>1</ItemStatus>
    </Item>
    <Item>
      <PriceUpdateDate>2025-03-06 18:50</PriceUpdateDate>
      <ItemCode>7290109354972</ItemCode>
      <ItemType>1</ItemType>
      <ItemName>פתי בר ללא גלוטן קלאסי 200 גרם אסם</ItemName>
      <ManufacturerName>לא ידוע</ManufacturerName>
      <ManufactureCountry>לא ידוע</ManufactureCountry>
      <ManufacturerItemDescription>פתי בר ללא גלוטן קלא</ManufacturerItemDescription>
      <UnitQty>גרמים</UnitQty>
      <Quantity>200.00</Quantity>
      <bIsWeighted>0</bIsWeighted>
      <UnitOfMeasure>100 גרם</UnitOfMeasure>
      <QtyInPackage>1</QtyInPackage>
      <ItemPrice>16.10</ItemPrice>
      <UnitOfMeasurePrice>8.05</UnitOfMeasurePrice>
      <AllowDiscount>1</AllowDiscount>
      <ItemStatus>1</ItemStatus>
    </Item>
    <Item>
      <PriceUpdateDate>2024-09-11 11:00</PriceUpdateDate>
      <ItemCode>7290109358765</ItemCode>
      <ItemType>1</ItemType>
      <ItemName>קראנץ רולס 450 גרם</ItemName>
      <ManufacturerName>לא ידוע</ManufacturerName>
      <ManufactureCountry>לא ידוע</ManufactureCountry>
      <ManufacturerItemDescription>קראנץ רולס 450 גרם  </ManufacturerItemDescription>
      <UnitQty>גרמים</UnitQty>
      <Quantity>450.00</Quantity>
      <bIsWeighted>0</bIsWeighted>
      <UnitOfMeasure>100 גרם</UnitOfMeasure>
      <QtyInPackage>1</QtyInPackage>
      <ItemPrice>34.90</ItemPrice>
      <UnitOfMeasurePrice>7.76</UnitOfMeasurePrice>
      <AllowDiscount>1</AllowDiscount>
      <ItemStatus>1</ItemStatus>
    </Item>
    <Item>
      <PriceUpdateDate>2025-03-20 09:45</PriceUpdateDate>
      <ItemCode>7290109580531</ItemCode>
      <ItemType>1</ItemType>
      <ItemName>נודלס 300 גרם מאדאם פרז</ItemName>
      <ManufacturerName>לא ידוע</ManufacturerName>
      <ManufactureCountry>ישראל</ManufactureCountry>
      <ManufacturerItemDescription>נודלס 300 גרם מאדאם </ManufacturerItemDescription>
      <UnitQty>גרמים</UnitQty>
      <Quantity>300.00</Quantity>
      <bIsWeighted>0</bIsWeighted>
      <UnitOfMeasure>100 גרם</UnitOfMeasure>
      <QtyInPackage>1</QtyInPackage>
      <ItemPrice>19.50</ItemPrice>
      <UnitOfMeasurePrice>6.50</UnitOfMeasurePrice>
      <AllowDiscount>1</AllowDiscount>
      <ItemStatus>1</ItemStatus>
    </Item>
    <Item>
      <PriceUpdateDate>2025-03-20 09:58</PriceUpdateDate>
      <ItemCode>7290109580890</ItemCode>
      <ItemType>1</ItemType>
      <ItemName>בשר מפורק 240 גרם זוגלובק</ItemName>
      <ManufacturerName>לא ידוע</ManufacturerName>
      <ManufactureCountry>ישראל</ManufactureCountry>
      <ManufacturerItemDescription>בשר מפורק 240 גרם זו</ManufacturerItemDescription>
      <UnitQty>גרמים</UnitQty>
      <Quantity>240.00</Quantity>
      <bIsWeighted>0</bIsWeighted>
      <UnitOfMeasure>100 גרם</UnitOfMeasure>
      <QtyInPackage>1</QtyInPackage>
      <ItemPrice>40.90</ItemPrice>
      <UnitOfMeasurePrice>17.04</UnitOfMeasurePrice>
      <AllowDiscount>1</AllowDiscount>
      <ItemStatus>1</ItemStatus>
    </Item>
    <Item>
      <PriceUpdateDate>2024-12-02 15:27</PriceUpdateDate>
      <ItemCode>7290109640464</ItemCode>
      <ItemType>1</ItemType>
      <ItemName>יוגורט עיזים טבעי 250 מ"ל</ItemName>
      <ManufacturerName>לא ידוע</ManufacturerName>
      <ManufactureCountry>לא ידוע</ManufactureCountry>
      <ManufacturerItemDescription>פתיתים טבעוניים בסגנ</ManufacturerItemDescription>
      <UnitQty>מיליליטרים</UnitQty>
      <Quantity>250.00</Quantity>
      <bIsWeighted>0</bIsWeighted>
      <UnitOfMeasure>100 מ"ל</UnitOfMeasure>
      <QtyInPackage>1</QtyInPackage>
      <ItemPrice>27.90</ItemPrice>
      <UnitOfMeasurePrice>11.16</UnitOfMeasurePrice>
      <AllowDiscount>1</AllowDiscount>
      <ItemStatus>1</ItemStatus>
    </Item>
    <Item>
      <PriceUpdateDate>2025-09-16 12:36</PriceUpdateDate>
      <ItemCode>7290110110369</ItemCode>
      <ItemType>1</ItemType>
      <ItemName>שישיית בירה קרלסברג LUMA בקבוק 330 מל</ItemName>
      <ManufacturerName>לא ידוע</ManufacturerName>
      <ManufactureCountry>ישראל</ManufactureCountry>
      <ManufacturerItemDescription>שישיית בירה קרלסברג </ManufacturerItemDescription>
      <UnitQty>מיליליטרים</UnitQty>
      <Quantity>1980.00</Quantity>
      <bIsWeighted>0</bIsWeighted>
      <UnitOfMeasure>100 מ"ל</UnitOfMeasure>
      <QtyInPackage>1</QtyInPackage>
      <ItemPrice>44.90</ItemPrice>
      <UnitOfMeasurePrice>2.27</UnitOfMeasurePrice>
      <AllowDiscount>1</AllowDiscount>
      <ItemStatus>1</ItemStatus>
    </Item>
    <Item>
      <PriceUpdateDate>2025-05-27 15:12</PriceUpdateDate>
      <ItemCode>7290110110659</ItemCode>
      <ItemType>1</ItemType>
      <ItemName>ספרייט סליק חדש 330 מ"ל</ItemName>
      <ManufacturerName>לא ידוע</ManufacturerName>
      <ManufactureCountry>לא ידוע</ManufactureCountry>
      <ManufacturerItemDescription>ספרייט סליק 330 מל  </ManufacturerItemDescription>
      <UnitQty>מיליליטרים</UnitQty>
      <Quantity>330.00</Quantity>
      <bIsWeighted>0</bIsWeighted>
      <UnitOfMeasure>100 מ"ל</UnitOfMeasure>
      <QtyInPackage>1</QtyInPackage>
      <ItemPrice>6.20</ItemPrice>
      <UnitOfMeasurePrice>1.88</UnitOfMeasurePrice>
      <AllowDiscount>1</AllowDiscount>
      <ItemStatus>1</ItemStatus>
    </Item>
    <Item>
      <PriceUpdateDate>2025-05-21 08:44</PriceUpdateDate>
      <ItemCode>7290110113599</ItemCode>
      <ItemType>1</ItemType>
      <ItemName>נורדיק מיסט סודה לימון עדין 250 מ"ל</ItemName>
      <ManufacturerName>לא ידוע</ManufacturerName>
      <ManufactureCountry>ישראל</ManufactureCountry>
      <ManufacturerItemDescription>נורדיק מיסט סודה לימ</ManufacturerItemDescription>
      <UnitQty>מיליליטרים</UnitQty>
      <Quantity>250.00</Quantity>
      <bIsWeighted>0</bIsWeighted>
      <UnitOfMeasure>100 מ"ל</UnitOfMeasure>
      <QtyInPackage>1</QtyInPackage>
      <ItemPrice>4.50</ItemPrice>
      <UnitOfMeasurePrice>1.80</UnitOfMeasurePrice>
      <AllowDiscount>1</AllowDiscount>
      <ItemStatus>1</ItemStatus>
    </Item>
    <Item>
      <PriceUpdateDate>2025-05-21 08:37</PriceUpdateDate>
      <ItemCode>7290110113926</ItemCode>
      <ItemType>1</ItemType>
      <ItemName>פאנטה אורנג 500 מ"ל ZERO</ItemName>
      <ManufacturerName>לא ידוע</ManufacturerName>
      <ManufactureCountry />
      <ManufacturerItemDescription>פאנטה אורנג 500 מ"ל </ManufacturerItemDescription>
      <UnitQty>מיליליטרים</UnitQty>
      <Quantity>500.00</Quantity>
      <bIsWeighted>0</bIsWeighted>
      <UnitOfMeasure>100 מ"ל</UnitOfMeasure>
      <QtyInPackage>1</QtyInPackage>
      <ItemPrice>8.90</ItemPrice>
      <UnitOfMeasurePrice>1.78</UnitOfMeasurePrice>
      <AllowDiscount>1</AllowDiscount>
      <ItemStatus>1</ItemStatus>
    </Item>
    <Item>
      <PriceUpdateDate>2025-05-27 15:11</PriceUpdateDate>
      <ItemCode>7290110114787</ItemCode>
      <ItemType>1</ItemType>
      <ItemName>מים נביעות  בטעם תפו</ItemName>
      <ManufacturerName>לא ידוע</ManufacturerName>
      <ManufactureCountry>ישראל</ManufactureCountry>
      <ManufacturerItemDescription>מים נביעות  בטעם תפו</ManufacturerItemDescription>
      <UnitQty>ליטרים</UnitQty>
      <Quantity>0.00</Quantity>
      <bIsWeighted>0</bIsWeighted>
      <UnitOfMeasure>ליטר</UnitOfMeasure>
      <QtyInPackage>1</QtyInPackage>
      <ItemPrice>10.20</ItemPrice>
      <UnitOfMeasurePrice>10.20</UnitOfMeasurePrice>
      <AllowDiscount>1</AllowDiscount>
      <ItemStatus>1</ItemStatus>
    </Item>
    <Item>
      <PriceUpdateDate>2025-05-27 15:12</PriceUpdateDate>
      <ItemCode>7290110114794</ItemCode>
      <ItemType>1</ItemType>
      <ItemName>מים נביעות 1.5 ליטר </ItemName>
      <ManufacturerName>לא ידוע</ManufacturerName>
      <ManufactureCountry>ישראל</ManufactureCountry>
      <ManufacturerItemDescription>מים נביעות 1.5 ליטר </ManufacturerItemDescription>
      <UnitQty>ליטרים</UnitQty>
      <Quantity>0.00</Quantity>
      <bIsWeighted>0</bIsWeighted>
      <UnitOfMeasure>ליטר</UnitOfMeasure>
      <QtyInPackage>1</QtyInPackage>
      <ItemPrice>10.20</ItemPrice>
      <UnitOfMeasurePrice>10.20</UnitOfMeasurePrice>
      <AllowDiscount>1</AllowDiscount>
      <ItemStatus>1</ItemStatus>
    </Item>
    <Item>
      <PriceUpdateDate>2025-05-27 15:12</PriceUpdateDate>
      <ItemCode>7290110114800</ItemCode>
      <ItemType>1</ItemType>
      <ItemName>מים נביעות בטעם ענבי</ItemName>
      <ManufacturerName>לא ידוע</ManufacturerName>
      <ManufactureCountry>ישראל</ManufactureCountry>
      <ManufacturerItemDescription>מים נביעות בטעם ענבי</ManufacturerItemDescription>
      <UnitQty>ליטרים</UnitQty>
      <Quantity>0.00</Quantity>
      <bIsWeighted>0</bIsWeighted>
      <UnitOfMeasure>ליטר</UnitOfMeasure>
      <QtyInPackage>1</QtyInPackage>
      <ItemPrice>10.20</ItemPrice>
      <UnitOfMeasurePrice>10.20</UnitOfMeasurePrice>
      <AllowDiscount>1</AllowDiscount>
      <ItemStatus>1</ItemStatus>
    </Item>
    <Item>
      <PriceUpdateDate>2025-05-27 15:11</PriceUpdateDate>
      <ItemCode>7290110114855</ItemCode>
      <ItemType>1</ItemType>
      <ItemName>מים נביעות 6*1.5 ליט</ItemName>
      <ManufacturerName>לא ידוע</ManufacturerName>
      <ManufactureCountry>ישראל</ManufactureCountry>
      <ManufacturerItemDescription>מים נביעות 6*1.5 ליט</ManufacturerItemDescription>
      <UnitQty>ליטרים</UnitQty>
      <Quantity>0.01</Quantity>
      <bIsWeighted>0</bIsWeighted>
      <UnitOfMeasure>ליטר</UnitOfMeasure>
      <QtyInPackage>1</QtyInPackage>
      <ItemPrice>16.20</ItemPrice>
      <UnitOfMeasurePrice>1620.00</UnitOfMeasurePrice>
      <AllowDiscount>1</AllowDiscount>
      <ItemStatus>1</ItemStatus>
    </Item>
    <Item>
      <PriceUpdateDate>2025-05-23 08:11</PriceUpdateDate>
      <ItemCode>7290110114893</ItemCode>
      <ItemType>1</ItemType>
      <ItemName>פריגת סחוט טרי תפוז 2 ליטר</ItemName>
      <ManufacturerName>לא ידוע</ManufacturerName>
      <ManufactureCountry />
      <ManufacturerItemDescription>פריגת סחוט טרי תפוז </ManufacturerItemDescription>
      <UnitQty>ליטרים</UnitQty>
      <Quantity>0.00</Quantity>
      <bIsWeighted>0</bIsWeighted>
      <UnitOfMeasure>ליטר</UnitOfMeasure>
      <QtyInPackage>1</QtyInPackage>
      <ItemPrice>34.90</ItemPrice>
      <UnitOfMeasurePrice>34.90</UnitOfMeasurePrice>
      <AllowDiscount>1</AllowDiscount>
      <ItemStatus>1</ItemStatus>
    </Item>
    <Item>
      <PriceUpdateDate>2025-05-27 15:11</PriceUpdateDate>
      <ItemCode>7290110114961</ItemCode>
      <ItemType>1</ItemType>
      <ItemName>פריגת תפוזים 1.5 ליט</ItemName>
      <ManufacturerName>לא ידוע</ManufacturerName>
      <ManufactureCountry>ישראל</ManufactureCountry>
      <ManufacturerItemDescription>פריגת תפוזים 1.5 ליט</ManufacturerItemDescription>
      <UnitQty>ליטרים</UnitQty>
      <Quantity>0.00</Quantity>
      <bIsWeighted>0</bIsWeighted>
      <UnitOfMeasure>ליטר</UnitOfMeasure>
      <QtyInPackage>1</QtyInPackage>
      <ItemPrice>9.90</ItemPrice>
      <UnitOfMeasurePrice>9.90</UnitOfMeasurePrice>
      <AllowDiscount>1</AllowDiscount>
      <ItemStatus>1</ItemStatus>
    </Item>
    <Item>
      <PriceUpdateDate>2025-05-27 15:12</PriceUpdateDate>
      <ItemCode>7290110114985</ItemCode>
      <ItemType>1</ItemType>
      <ItemName>פריגת אשכוליות 1.5 ל</ItemName>
      <ManufacturerName>לא ידוע</ManufacturerName>
      <ManufactureCountry>ישראל</ManufactureCountry>
      <ManufacturerItemDescription>פריגת אשכוליות 1.5 ל</ManufacturerItemDescription>
      <UnitQty>ליטרים</UnitQty>
      <Quantity>0.00</Quantity>
      <bIsWeighted>0</bIsWeighted>
      <UnitOfMeasure>ליטר</UnitOfMeasure>
      <QtyInPackage>1</QtyInPackage>
      <ItemPrice>9.90</ItemPrice>
      <UnitOfMeasurePrice>9.90</UnitOfMeasurePrice>
      <AllowDiscount>1</AllowDiscount>
      <ItemStatus>1</ItemStatus>
    </Item>
    <Item>
      <PriceUpdateDate>2025-05-27 15:12</PriceUpdateDate>
      <ItemCode>7290110115005</ItemCode>
      <ItemType>1</ItemType>
      <ItemName>פריגת ענבים 1.5 ליטר</ItemName>
      <ManufacturerName>לא ידוע</ManufacturerName>
      <ManufactureCountry>ישראל</ManufactureCountry>
      <ManufacturerItemDescription>פריגת ענבים 1.5 ליטר</ManufacturerItemDescription>
      <UnitQty>ליטרים</UnitQty>
      <Quantity>0.00</Quantity>
      <bIsWeighted>0</bIsWeighted>
      <UnitOfMeasure>ליטר</UnitOfMeasure>
      <QtyInPackage>1</QtyInPackage>
      <ItemPrice>9.90</ItemPrice>
      <UnitOfMeasurePrice>9.90</UnitOfMeasurePrice>
      <AllowDiscount>1</AllowDiscount>
      <ItemStatus>1</ItemStatus>
    </Item>
    <Item>
      <PriceUpdateDate>2025-05-27 15:12</PriceUpdateDate>
      <ItemCode>7290110115029</ItemCode>
      <ItemType>1</ItemType>
      <ItemName>פריגת תפוחים 1.5 ליט</ItemName>
      <ManufacturerName>לא ידוע</ManufacturerName>
      <ManufactureCountry>ישראל</ManufactureCountry>
      <ManufacturerItemDescription>פריגת תפוחים 1.5 ליט</ManufacturerItemDescription>
      <UnitQty>ליטרים</UnitQty>
      <Quantity>0.00</Quantity>
      <bIsWeighted>0</bIsWeighted>
      <UnitOfMeasure>ליטר</UnitOfMeasure>
      <QtyInPackage>1</QtyInPackage>
      <ItemPrice>9.90</ItemPrice>
      <UnitOfMeasurePrice>9.90</UnitOfMeasurePrice>
      <AllowDiscount>1</AllowDiscount>
      <ItemStatus>1</ItemStatus>
    </Item>
    <Item>
      <PriceUpdateDate>2025-05-27 15:12</PriceUpdateDate>
      <ItemCode>7290110115036</ItemCode>
      <ItemType>1</ItemType>
      <ItemName>פריגת מנגו 1.5 ליטר </ItemName>
      <ManufacturerName>לא ידוע</ManufacturerName>
      <ManufactureCountry>ישראל</ManufactureCountry>
      <ManufacturerItemDescription>פריגת מנגו 1.5 ליטר </ManufacturerItemDescription>
      <UnitQty>ליטרים</UnitQty>
      <Quantity>0.00</Quantity>
      <bIsWeighted>0</bIsWeighted>
      <UnitOfMeasure>ליטר</UnitOfMeasure>
      <QtyInPackage>1</QtyInPackage>
      <ItemPrice>9.90</ItemPrice>
      <UnitOfMeasurePrice>9.90</UnitOfMeasurePrice>
      <AllowDiscount>1</AllowDiscount>
      <ItemStatus>1</ItemStatus>
    </Item>
    <Item>
      <PriceUpdateDate>2025-05-27 15:12</PriceUpdateDate>
      <ItemCode>7290110115043</ItemCode>
      <ItemType>1</ItemType>
      <ItemName>פריגת לימונענע 1.5 ל</ItemName>
      <ManufacturerName>לא ידוע</ManufacturerName>
      <ManufactureCountry>ישראל</ManufactureCountry>
      <ManufacturerItemDescription>פריגת לימונענע 1.5 ל</ManufacturerItemDescription>
      <UnitQty>ליטרים</UnitQty>
      <Quantity>0.00</Quantity>
      <bIsWeighted>0</bIsWeighted>
      <UnitOfMeasure>ליטר</UnitOfMeasure>
      <QtyInPackage>1</QtyInPackage>
      <ItemPrice>9.90</ItemPrice>
      <UnitOfMeasurePrice>9.90</UnitOfMeasurePrice>
      <AllowDiscount>1</AllowDiscount>
      <ItemStatus>1</ItemStatus>
    </Item>
    <Item>
      <PriceUpdateDate>2025-05-27 15:12</PriceUpdateDate>
      <ItemCode>7290110115050</ItemCode>
      <ItemType>1</ItemType>
      <ItemName>פריגת מיקס תות בננה </ItemName>
      <ManufacturerName>לא ידוע</ManufacturerName>
      <ManufactureCountry>ישראל</ManufactureCountry>
      <ManufacturerItemDescription>פריגת מיקס תות בננה </ManufacturerItemDescription>
      <UnitQty>ליטרים</UnitQty>
      <Quantity>0.00</Quantity>
      <bIsWeighted>0</bIsWeighted>
      <UnitOfMeasure>ליטר</UnitOfMeasure>
      <QtyInPackage>1</QtyInPackage>
      <ItemPrice>9.90</ItemPrice>
      <UnitOfMeasurePrice>9.90</UnitOfMeasurePrice>
      <AllowDiscount>1</AllowDiscount>
      <ItemStatus>1</ItemStatus>
    </Item>
    <Item>
      <PriceUpdateDate>2025-05-21 08:34</PriceUpdateDate>
      <ItemCode>7290110115234</ItemCode>
      <ItemType>1</ItemType>
      <ItemName>קולה ZERO נטול 1.5 ל</ItemName>
      <ManufacturerName>לא ידוע</ManufacturerName>
      <ManufactureCountry>ישראל</ManufactureCountry>
      <ManufacturerItemDescription>קולה ZERO נטול 1.5 ל</ManufacturerItemDescription>
      <UnitQty>ליטרים</UnitQty>
      <Quantity>0.00</Quantity>
      <bIsWeighted>0</bIsWeighted>
      <UnitOfMeasure>ליטר</UnitOfMeasure>
      <QtyInPackage>1</QtyInPackage>
      <ItemPrice>9.20</ItemPrice>
      <UnitOfMeasurePrice>9.20</UnitOfMeasurePrice>
      <AllowDiscount>1</AllowDiscount>
      <ItemStatus>1</ItemStatus>
    </Item>
    <Item>
      <PriceUpdateDate>2025-05-27 15:12</PriceUpdateDate>
      <ItemCode>7290110115296</ItemCode>
      <ItemType>1</ItemType>
      <ItemName>פאנטה אורנג 1.5 ליטר</ItemName>
      <ManufacturerName>לא ידוע</ManufacturerName>
      <ManufactureCountry>ישראל</ManufactureCountry>
      <ManufacturerItemDescription>פאנטה אורנג 1.5 ליטר</ManufacturerItemDescription>
      <UnitQty>ליטרים</UnitQty>
      <Quantity>0.00</Quantity>
      <bIsWeighted>0</bIsWeighted>
      <UnitOfMeasure>ליטר</UnitOfMeasure>
      <QtyInPackage>1</QtyInPackage>
      <ItemPrice>9.90</ItemPrice>
      <UnitOfMeasurePrice>9.90</UnitOfMeasurePrice>
      <AllowDiscount>1</AllowDiscount>
      <ItemStatus>1</ItemStatus>
    </Item>
    <Item>
      <PriceUpdateDate>2025-05-27 15:11</PriceUpdateDate>
      <ItemCode>7290110115302</ItemCode>
      <ItemType>1</ItemType>
      <ItemName>פאנטה ZERO אורנג 1.5</ItemName>
      <ManufacturerName>לא ידוע</ManufacturerName>
      <ManufactureCountry>ישראל</ManufactureCountry>
      <ManufacturerItemDescription>פאנטה ZERO אורנג 1.5</ManufacturerItemDescription>
      <UnitQty>ליטרים</UnitQty>
      <Quantity>0.00</Quantity>
      <bIsWeighted>0</bIsWeighted>
      <UnitOfMeasure>ליטר</UnitOfMeasure>
      <QtyInPackage>1</QtyInPackage>
      <ItemPrice>9.90</ItemPrice>
      <UnitOfMeasurePrice>9.90</UnitOfMeasurePrice>
      <AllowDiscount>1</AllowDiscount>
      <ItemStatus>1</ItemStatus>
    </Item>
    <Item>
      <PriceUpdateDate>2025-05-27 15:12</PriceUpdateDate>
      <ItemCode>7290110115395</ItemCode>
      <ItemType>1</ItemType>
      <ItemName>ספרייט ZERO שישייה 1</ItemName>
      <ManufacturerName>לא ידוע</ManufacturerName>
      <ManufactureCountry>ישראל</ManufactureCountry>
      <ManufacturerItemDescription>ספרייט ZERO שישייה 1</ManufacturerItemDescription>
      <UnitQty>ליטרים</UnitQty>
      <Quantity>0.01</Quantity>
      <bIsWeighted>0</bIsWeighted>
      <UnitOfMeasure>ליטר</UnitOfMeasure>
      <QtyInPackage>1</QtyInPackage>
      <ItemPrice>47.90</ItemPrice>
      <UnitOfMeasurePrice>4790.00</UnitOfMeasurePrice>
      <AllowDiscount>1</AllowDiscount>
      <ItemStatus>1</ItemStatus>
    </Item>
    <Item>
      <PriceUpdateDate>2025-05-27 15:11</PriceUpdateDate>
      <ItemCode>7290110115418</ItemCode>
      <ItemType>1</ItemType>
      <ItemName>קוקה קולה דיאט ZERO </ItemName>
      <ManufacturerName>לא ידוע</ManufacturerName>
      <ManufactureCountry>ישראל</ManufactureCountry>
      <ManufacturerItemDescription>קוקה קולה דיאט ZERO </ManufacturerItemDescription>
      <UnitQty>ליטרים</UnitQty>
      <Quantity>0.01</Quantity>
      <bIsWeighted>0</bIsWeighted>
      <UnitOfMeasure>ליטר</UnitOfMeasure>
      <QtyInPackage>1</QtyInPackage>
      <ItemPrice>47.90</ItemPrice>
      <UnitOfMeasurePrice>4790.00</UnitOfMeasurePrice>
      <AllowDiscount>1</AllowDiscount>
      <ItemStatus>1</ItemStatus>
    </Item>
    <Item>
      <PriceUpdateDate>2025-07-01 06:24</PriceUpdateDate>
      <ItemCode>7290110115425</ItemCode>
      <ItemType>1</ItemType>
      <ItemName>תה פיוז לימון-נענע 1</ItemName>
      <ManufacturerName>לא ידוע</ManufacturerName>
      <ManufactureCountry>ישראל</ManufactureCountry>
      <ManufacturerItemDescription>תה פיוז לימון-נענע 1</ManufacturerItemDescription>
      <UnitQty>ליטרים</UnitQty>
      <Quantity>0.00</Quantity>
      <bIsWeighted>0</bIsWeighted>
      <UnitOfMeasure>ליטר</UnitOfMeasure>
      <QtyInPackage>1</QtyInPackage>
      <ItemPrice>9.90</ItemPrice>
      <UnitOfMeasurePrice>9.90</UnitOfMeasurePrice>
      <AllowDiscount>1</AllowDiscount>
      <ItemStatus>1</ItemStatus>
    </Item>
    <Item>
      <PriceUpdateDate>2025-07-01 06:24</PriceUpdateDate>
      <ItemCode>7290110115449</ItemCode>
      <ItemType>1</ItemType>
      <ItemName>תה פיוז מנגו 1.5 ליט</ItemName>
      <ManufacturerName>לא ידוע</ManufacturerName>
      <ManufactureCountry>ישראל</ManufactureCountry>
      <ManufacturerItemDescription>תה פיוז מנגו 1.5 ליט</ManufacturerItemDescription>
      <UnitQty>ליטרים</UnitQty>
      <Quantity>0.00</Quantity>
      <bIsWeighted>0</bIsWeighted>
      <UnitOfMeasure>ליטר</UnitOfMeasure>
      <QtyInPackage>1</QtyInPackage>
      <ItemPrice>9.90</ItemPrice>
      <UnitOfMeasurePrice>9.90</UnitOfMeasurePrice>
      <AllowDiscount>1</AllowDiscount>
      <ItemStatus>1</ItemStatus>
    </Item>
    <Item>
      <PriceUpdateDate>2025-07-01 06:24</PriceUpdateDate>
      <ItemCode>7290110115463</ItemCode>
      <ItemType>1</ItemType>
      <ItemName>תה פיוז אפרסק 1.5 לי</ItemName>
      <ManufacturerName>לא ידוע</ManufacturerName>
      <ManufactureCountry>ישראל</ManufactureCountry>
      <ManufacturerItemDescription>תה פיוז אפרסק 1.5 לי</ManufacturerItemDescription>
      <UnitQty>ליטרים</UnitQty>
      <Quantity>0.00</Quantity>
      <bIsWeighted>0</bIsWeighted>
      <UnitOfMeasure>ליטר</UnitOfMeasure>
      <QtyInPackage>1</QtyInPackage>
      <ItemPrice>9.90</ItemPrice>
      <UnitOfMeasurePrice>9.90</UnitOfMeasurePrice>
      <AllowDiscount>1</AllowDiscount>
      <ItemStatus>1</ItemStatus>
    </Item>
    <Item>
      <PriceUpdateDate>2025-07-01 06:24</PriceUpdateDate>
      <ItemCode>7290110115494</ItemCode>
      <ItemType>1</ItemType>
      <ItemName>תה פיוז ענבים 1.5 לי</ItemName>
      <ManufacturerName>לא ידוע</ManufacturerName>
      <ManufactureCountry>ישראל</ManufactureCountry>
      <ManufacturerItemDescription>תה פיוז ענבים 1.5 לי</ManufacturerItemDescription>
      <UnitQty>ליטרים</UnitQty>
      <Quantity>0.00</Quantity>
      <bIsWeighted>0</bIsWeighted>
      <UnitOfMeasure>ליטר</UnitOfMeasure>
      <QtyInPackage>1</QtyInPackage>
      <ItemPrice>9.90</ItemPrice>
      <UnitOfMeasurePrice>9.90</UnitOfMeasurePrice>
      <AllowDiscount>1</AllowDiscount>
      <ItemStatus>1</ItemStatus>
    </Item>
    <Item>
      <PriceUpdateDate>2022-06-09 21:47</PriceUpdateDate>
      <ItemCode>7290110115777</ItemCode>
      <ItemType>1</ItemType>
      <ItemName>נביעות 1.5 ליטר</ItemName>
      <ManufacturerName>לא ידוע</ManufacturerName>
      <ManufactureCountry>לא ידוע</ManufactureCountry>
      <ManufacturerItemDescription>נביעות 1.5 ליטר     </ManufacturerItemDescription>
      <UnitQty>ליטרים</UnitQty>
      <Quantity>0.00</Quantity>
      <bIsWeighted>0</bIsWeighted>
      <UnitOfMeasure>ליטר</UnitOfMeasure>
      <QtyInPackage>1</QtyInPackage>
      <ItemPrice>3.90</ItemPrice>
      <UnitOfMeasurePrice>3.90</UnitOfMeasurePrice>
      <AllowDiscount>1</AllowDiscount>
      <ItemStatus>1</ItemStatus>
    </Item>
    <Item>
      <PriceUpdateDate>2025-05-27 15:11</PriceUpdateDate>
      <ItemCode>7290110115821</ItemCode>
      <ItemType>1</ItemType>
      <ItemName>ספרייט לימון- ליים 1.5 ליטר</ItemName>
      <ManufacturerName>לא ידוע</ManufacturerName>
      <ManufactureCountry />
      <ManufacturerItemDescription>ספרייט לימון ליים . </ManufacturerItemDescription>
      <UnitQty>ליטרים</UnitQty>
      <Quantity>0.00</Quantity>
      <bIsWeighted>0</bIsWeighted>
      <UnitOfMeasure>ליטר</UnitOfMeasure>
      <QtyInPackage>1</QtyInPackage>
      <ItemPrice>9.90</ItemPrice>
      <UnitOfMeasurePrice>9.90</UnitOfMeasurePrice>
      <AllowDiscount>1</AllowDiscount>
      <ItemStatus>1</ItemStatus>
    </Item>
    <Item>
      <PriceUpdateDate>2023-07-10 16:44</PriceUpdateDate>
      <ItemCode>7290110115838</ItemCode>
      <ItemType>1</ItemType>
      <ItemName>ספרייט  לימון- ליים דל קלוריות  1.5 ליטר</ItemName>
      <ManufacturerName>לא ידוע</ManufacturerName>
      <ManufactureCountry>ישראל</ManufactureCountry>
      <ManufacturerItemDescription>ספרייט  לימון- ליים </ManufacturerItemDescription>
      <UnitQty>ליטרים</UnitQty>
      <Quantity>0.00</Quantity>
      <bIsWeighted>0</bIsWeighted>
      <UnitOfMeasure>ליטר</UnitOfMeasure>
      <QtyInPackage>1</QtyInPackage>
      <ItemPrice>8.90</ItemPrice>
      <UnitOfMeasurePrice>8.90</UnitOfMeasurePrice>
      <AllowDiscount>1</AllowDiscount>
      <ItemStatus>1</ItemStatus>
    </Item>
    <Item>
      <PriceUpdateDate>2025-05-27 15:11</PriceUpdateDate>
      <ItemCode>7290110115845</ItemCode>
      <ItemType>1</ItemType>
      <ItemName>קוקה קולה 1.5 ליטר</ItemName>
      <ManufacturerName>לא ידוע</ManufacturerName>
      <ManufactureCountry />
      <ManufacturerItemDescription>קוקה קולה 1.5 ליטר  </ManufacturerItemDescription>
      <UnitQty>ליטרים</UnitQty>
      <Quantity>0.00</Quantity>
      <bIsWeighted>0</bIsWeighted>
      <UnitOfMeasure>ליטר</UnitOfMeasure>
      <QtyInPackage>1</QtyInPackage>
      <ItemPrice>9.20</ItemPrice>
      <UnitOfMeasurePrice>9.20</UnitOfMeasurePrice>
      <AllowDiscount>1</AllowDiscount>
      <ItemStatus>1</ItemStatus>
    </Item>
    <Item>
      <PriceUpdateDate>2025-05-27 15:12</PriceUpdateDate>
      <ItemCode>7290110115852</ItemCode>
      <ItemType>1</ItemType>
      <ItemName>קוקה קולה דיאט 1.5 ליטר</ItemName>
      <ManufacturerName>לא ידוע</ManufacturerName>
      <ManufactureCountry />
      <ManufacturerItemDescription>קוקה קולה דיאט 1.5 ל</ManufacturerItemDescription>
      <UnitQty>ליטרים</UnitQty>
      <Quantity>0.00</Quantity>
      <bIsWeighted>0</bIsWeighted>
      <UnitOfMeasure>ליטר</UnitOfMeasure>
      <QtyInPackage>1</QtyInPackage>
      <ItemPrice>9.20</ItemPrice>
      <UnitOfMeasurePrice>9.20</UnitOfMeasurePrice>
      <AllowDiscount>1</AllowDiscount>
      <ItemStatus>1</ItemStatus>
    </Item>
    <Item>
      <PriceUpdateDate>2025-05-27 15:11</PriceUpdateDate>
      <ItemCode>7290110115869</ItemCode>
      <ItemType>1</ItemType>
      <ItemName>קוקה קולה  1.5 ליטר ZERO</ItemName>
      <ManufacturerName>לא ידוע</ManufacturerName>
      <ManufactureCountry>ישראל</ManufactureCountry>
      <ManufacturerItemDescription>קוקה קולה  1.5 ליטר </ManufacturerItemDescription>
      <UnitQty>ליטרים</UnitQty>
      <Quantity>0.00</Quantity>
      <bIsWeighted>0</bIsWeighted>
      <UnitOfMeasure>ליטר</UnitOfMeasure>
      <QtyInPackage>1</QtyInPackage>
      <ItemPrice>9.20</ItemPrice>
      <UnitOfMeasurePrice>9.20</UnitOfMeasurePrice>
      <AllowDiscount>1</AllowDiscount>
      <ItemStatus>1</ItemStatus>
    </Item>
    <Item>
      <PriceUpdateDate>2025-05-27 15:12</PriceUpdateDate>
      <ItemCode>7290110115876</ItemCode>
      <ItemType>1</ItemType>
      <ItemName>קינלי סודה 1.5 ליטר</ItemName>
      <ManufacturerName>לא ידוע</ManufacturerName>
      <ManufactureCountry />
      <ManufacturerItemDescription>קינלי סודה 1.5 ליטר </ManufacturerItemDescription>
      <UnitQty>ליטרים</UnitQty>
      <Quantity>1.50</Quantity>
      <bIsWeighted>0</bIsWeighted>
      <UnitOfMeasure>ליטר</UnitOfMeasure>
      <QtyInPackage>1</QtyInPackage>
      <ItemPrice>4.90</ItemPrice>
      <UnitOfMeasurePrice>3.27</UnitOfMeasurePrice>
      <AllowDiscount>1</AllowDiscount>
      <ItemStatus>1</ItemStatus>
    </Item>
    <Item>
      <PriceUpdateDate>2025-05-27 15:12</PriceUpdateDate>
      <ItemCode>7290110115975</ItemCode>
      <ItemType>1</ItemType>
      <ItemName>קוקה ZERO  ליטר</ItemName>
      <ManufacturerName>לא ידוע</ManufacturerName>
      <ManufactureCountry>לא ידוע</ManufactureCountry>
      <ManufacturerItemDescription>קוקה קולה זירו 1 ליט</ManufacturerItemDescription>
      <UnitQty>מיליליטרים</UnitQty>
      <Quantity>1000.00</Quantity>
      <bIsWeighted>0</bIsWeighted>
      <UnitOfMeasure>100 מ"ל</UnitOfMeasure>
      <QtyInPackage>1</QtyInPackage>
      <ItemPrice>7.20</ItemPrice>
      <UnitOfMeasurePrice>0.72</UnitOfMeasurePrice>
      <AllowDiscount>1</AllowDiscount>
      <ItemStatus>1</ItemStatus>
    </Item>
    <Item>
      <PriceUpdateDate>2025-06-29 09:08</PriceUpdateDate>
      <ItemCode>7290110117047</ItemCode>
      <ItemType>1</ItemType>
      <ItemName>פיוז-טי זירו גרין  ליצי פסיפלורה  1.5 ל</ItemName>
      <ManufacturerName>לא ידוע</ManufacturerName>
      <ManufactureCountry>ישראל</ManufactureCountry>
      <ManufacturerItemDescription>פיוז-טי זירו גרין  ל</ManufacturerItemDescription>
      <UnitQty>ליטרים</UnitQty>
      <Quantity>0.00</Quantity>
      <bIsWeighted>0</bIsWeighted>
      <UnitOfMeasure>ליטר</UnitOfMeasure>
      <QtyInPackage>1</QtyInPackage>
      <ItemPrice>9.90</ItemPrice>
      <UnitOfMeasurePrice>9.90</UnitOfMeasurePrice>
      <AllowDiscount>1</AllowDiscount>
      <ItemStatus>1</ItemStatus>
    </Item>
    <Item>
      <PriceUpdateDate>2025-07-01 06:24</PriceUpdateDate>
      <ItemCode>7290110117382</ItemCode>
      <ItemType>1</ItemType>
      <ItemName>פיוז טי זירו פירות יער נענע 1.5 ליטר</ItemName>
      <ManufacturerName>לא ידוע</ManufacturerName>
      <ManufactureCountry>ישראל</ManufactureCountry>
      <ManufacturerItemDescription>פיוז טי זירו פירות י</ManufacturerItemDescription>
      <UnitQty>ליטרים</UnitQty>
      <Quantity>0.00</Quantity>
      <bIsWeighted>0</bIsWeighted>
      <UnitOfMeasure>ליטר</UnitOfMeasure>
      <QtyInPackage>1</QtyInPackage>
      <ItemPrice>9.90</ItemPrice>
      <UnitOfMeasurePrice>9.90</UnitOfMeasurePrice>
      <AllowDiscount>1</AllowDiscount>
      <ItemStatus>1</ItemStatus>
    </Item>
    <Item>
      <PriceUpdateDate>2025-06-06 05:57</PriceUpdateDate>
      <ItemCode>7290110117689</ItemCode>
      <ItemType>1</ItemType>
      <ItemName>ספרייט זירו בטעם לימון נענע 1.5 ליטר</ItemName>
      <ManufacturerName>לא ידוע</ManufacturerName>
      <ManufactureCountry>ישראל</ManufactureCountry>
      <ManufacturerItemDescription>ספרייט זירו בטעם לימ</ManufacturerItemDescription>
      <UnitQty>ליטרים</UnitQty>
      <Quantity>0.00</Quantity>
      <bIsWeighted>0</bIsWeighted>
      <UnitOfMeasure>ליטר</UnitOfMeasure>
      <QtyInPackage>1</QtyInPackage>
      <ItemPrice>9.90</ItemPrice>
      <UnitOfMeasurePrice>9.90</UnitOfMeasurePrice>
      <AllowDiscount>1</AllowDiscount>
      <ItemStatus>1</ItemStatus>
    </Item>
    <Item>
      <PriceUpdateDate>2025-05-21 08:37</PriceUpdateDate>
      <ItemCode>7290110118600</ItemCode>
      <ItemType>1</ItemType>
      <ItemName>פריגת  דיאט בטעם לימונענע 1.5 ליטר</ItemName>
      <ManufacturerName>לא ידוע</ManufacturerName>
      <ManufactureCountry>ישראל</ManufactureCountry>
      <ManufacturerItemDescription>פריגת  דיאט בטעם לימ</ManufacturerItemDescription>
      <UnitQty>ליטרים</UnitQty>
      <Quantity>0.00</Quantity>
      <bIsWeighted>0</bIsWeighted>
      <UnitOfMeasure>ליטר</UnitOfMeasure>
      <QtyInPackage>1</QtyInPackage>
      <ItemPrice>9.90</ItemPrice>
      <UnitOfMeasurePrice>9.90</UnitOfMeasurePrice>
      <AllowDiscount>1</AllowDiscount>
      <ItemStatus>1</ItemStatus>
    </Item>
    <Item>
      <PriceUpdateDate>2025-07-01 06:24</PriceUpdateDate>
      <ItemCode>7290110118624</ItemCode>
      <ItemType>1</ItemType>
      <ItemName>פיוז טי בטעם אבטיח 1.5 ליטר</ItemName>
      <ManufacturerName>לא ידוע</ManufacturerName>
      <ManufactureCountry>ישראל</ManufactureCountry>
      <ManufacturerItemDescription>פיוז טי בטעם אבטיח 1</ManufacturerItemDescription>
      <UnitQty>ליטרים</UnitQty>
      <Quantity>0.00</Quantity>
      <bIsWeighted>0</bIsWeighted>
      <UnitOfMeasure>ליטר</UnitOfMeasure>
      <QtyInPackage>1</QtyInPackage>
      <ItemPrice>9.90</ItemPrice>
      <UnitOfMeasurePrice>9.90</UnitOfMeasurePrice>
      <AllowDiscount>1</AllowDiscount>
      <ItemStatus>1</ItemStatus>
    </Item>
    <Item>
      <PriceUpdateDate>2025-05-23 08:10</PriceUpdateDate>
      <ItemCode>7290110320591</ItemCode>
      <ItemType>1</ItemType>
      <ItemName>פיראוס בולגרית מעודנת 16% 250 גר</ItemName>
      <ManufacturerName>לא ידוע</ManufacturerName>
      <ManufactureCountry>לא ידוע</ManufactureCountry>
      <ManufacturerItemDescription>פיראוס בולגרית מעודנ</ManufacturerItemDescription>
      <UnitQty>גרמים</UnitQty>
      <Quantity>250.00</Quantity>
      <bIsWeighted>0</bIsWeighted>
      <UnitOfMeasure>100 גרם</UnitOfMeasure>
      <QtyInPackage>1</QtyInPackage>
      <ItemPrice>28.40</ItemPrice>
      <UnitOfMeasurePrice>11.36</UnitOfMeasurePrice>
      <AllowDiscount>1</AllowDiscount>
      <ItemStatus>1</ItemStatus>
    </Item>
    <Item>
      <PriceUpdateDate>2025-05-23 08:10</PriceUpdateDate>
      <ItemCode>7290110320850</ItemCode>
      <ItemType>1</ItemType>
      <ItemName>פתיתי עמק 200 גר</ItemName>
      <ManufacturerName>לא ידוע</ManufacturerName>
      <ManufactureCountry>לא ידוע</ManufactureCountry>
      <ManufacturerItemDescription>פתיתי עמק 200 גר    </ManufacturerItemDescription>
      <UnitQty>גרמים</UnitQty>
      <Quantity>200.00</Quantity>
      <bIsWeighted>0</bIsWeighted>
      <UnitOfMeasure>100 גרם</UnitOfMeasure>
      <QtyInPackage>1</QtyInPackage>
      <ItemPrice>18.90</ItemPrice>
      <UnitOfMeasurePrice>9.45</UnitOfMeasurePrice>
      <AllowDiscount>1</AllowDiscount>
      <ItemStatus>1</ItemStatus>
    </Item>
    <Item>
      <PriceUpdateDate>2025-05-23 08:10</PriceUpdateDate>
      <ItemCode>7290110320867</ItemCode>
      <ItemType>1</ItemType>
      <ItemName>פתיתי עמק למאפים 28% 500 גר</ItemName>
      <ManufacturerName>לא ידוע</ManufacturerName>
      <ManufactureCountry>לא ידוע</ManufactureCountry>
      <ManufacturerItemDescription>פתיתי עמק למאפים 28%</ManufacturerItemDescription>
      <UnitQty>גרמים</UnitQty>
      <Quantity>500.00</Quantity>
      <bIsWeighted>0</bIsWeighted>
      <UnitOfMeasure>100 גרם</UnitOfMeasure>
      <QtyInPackage>1</QtyInPackage>
      <ItemPrice>45.50</ItemPrice>
      <UnitOfMeasurePrice>9.10</UnitOfMeasurePrice>
      <AllowDiscount>1</AllowDiscount>
      <ItemStatus>1</ItemStatus>
    </Item>
    <Item>
      <PriceUpdateDate>2025-05-23 08:10</PriceUpdateDate>
      <ItemCode>7290110320935</ItemCode>
      <ItemType>1</ItemType>
      <ItemName>פרוסות מוצרלה 150 גר</ItemName>
      <ManufacturerName>לא ידוע</ManufacturerName>
      <ManufactureCountry />
      <ManufacturerItemDescription>פרוסות מוצרלה 150 גר</ManufacturerItemDescription>
      <UnitQty>גרמים</UnitQty>
      <Quantity>150.00</Quantity>
      <bIsWeighted>0</bIsWeighted>
      <UnitOfMeasure>100 גרם</UnitOfMeasure>
      <QtyInPackage>1</QtyInPackage>
      <ItemPrice>21.20</ItemPrice>
      <UnitOfMeasurePrice>14.13</UnitOfMeasurePrice>
      <AllowDiscount>1</AllowDiscount>
      <ItemStatus>1</ItemStatus>
    </Item>
    <Item>
      <PriceUpdateDate>2025-05-23 08:10</PriceUpdateDate>
      <ItemCode>7290110321031</ItemCode>
      <ItemType>1</ItemType>
      <ItemName>יופלה 200 מל GO</ItemName>
      <ManufacturerName>לא ידוע</ManufacturerName>
      <ManufactureCountry>לא ידוע</ManufactureCountry>
      <ManufacturerItemDescription>יופלה 200 מל GO     </ManufacturerItemDescription>
      <UnitQty>מיליליטרים</UnitQty>
      <Quantity>200.00</Quantity>
      <bIsWeighted>0</bIsWeighted>
      <UnitOfMeasure>100 מ"ל</UnitOfMeasure>
      <QtyInPackage>1</QtyInPackage>
      <ItemPrice>7.40</ItemPrice>
      <UnitOfMeasurePrice>3.70</UnitOfMeasurePrice>
      <AllowDiscount>1</AllowDiscount>
      <ItemStatus>1</ItemStatus>
    </Item>
    <Item>
      <PriceUpdateDate>2025-05-23 08:10</PriceUpdateDate>
      <ItemCode>7290110321277</ItemCode>
      <ItemType>1</ItemType>
      <ItemName>קוטג בקטנה 5% 100 גר</ItemName>
      <ManufacturerName>לא ידוע</ManufacturerName>
      <ManufactureCountry>לא ידוע</ManufactureCountry>
      <ManufacturerItemDescription>קוטג בקטנה 5% 100 גר</ManufacturerItemDescription>
      <UnitQty>גרמים</UnitQty>
      <Quantity>100.00</Quantity>
      <bIsWeighted>0</bIsWeighted>
      <UnitOfMeasure>100 גרם</UnitOfMeasure>
      <QtyInPackage>1</QtyInPackage>
      <ItemPrice>3.30</ItemPrice>
      <UnitOfMeasurePrice>3.30</UnitOfMeasurePrice>
      <AllowDiscount>1</AllowDiscount>
      <ItemStatus>1</ItemStatus>
    </Item>
    <Item>
      <PriceUpdateDate>2025-05-21 08:37</PriceUpdateDate>
      <ItemCode>7290110321680</ItemCode>
      <ItemType>1</ItemType>
      <ItemName>יופלה תות 200 מל GO</ItemName>
      <ManufacturerName>לא ידוע</ManufacturerName>
      <ManufactureCountry />
      <ManufacturerItemDescription>יופלה גו תות חלבון  </ManufacturerItemDescription>
      <UnitQty>מיליליטרים</UnitQty>
      <Quantity>200.00</Quantity>
      <bIsWeighted>0</bIsWeighted>
      <UnitOfMeasure>100 מ"ל</UnitOfMeasure>
      <QtyInPackage>1</QtyInPackage>
      <ItemPrice>7.30</ItemPrice>
      <UnitOfMeasurePrice>3.65</UnitOfMeasurePrice>
      <AllowDiscount>1</AllowDiscount>
      <ItemStatus>1</ItemStatus>
    </Item>
    <Item>
      <PriceUpdateDate>2025-01-29 07:03</PriceUpdateDate>
      <ItemCode>7290110322014</ItemCode>
      <ItemType>1</ItemType>
      <ItemName>טופו טבעי 300 גר</ItemName>
      <ManufacturerName>לא ידוע</ManufacturerName>
      <ManufactureCountry>לא ידוע</ManufactureCountry>
      <ManufacturerItemDescription>טופו טבעי 300 גר    </ManufacturerItemDescription>
      <UnitQty>גרמים</UnitQty>
      <Quantity>300.00</Quantity>
      <bIsWeighted>0</bIsWeighted>
      <UnitOfMeasure>100 גרם</UnitOfMeasure>
      <QtyInPackage>1</QtyInPackage>
      <ItemPrice>14.90</ItemPrice>
      <UnitOfMeasurePrice>4.97</UnitOfMeasurePrice>
      <AllowDiscount>1</AllowDiscount>
      <ItemStatus>1</ItemStatus>
    </Item>
    <Item>
      <PriceUpdateDate>2025-01-14 08:26</PriceUpdateDate>
      <ItemCode>7290110322021</ItemCode>
      <ItemType>1</ItemType>
      <ItemName>טופו בזיליקום 300 גר</ItemName>
      <ManufacturerName>לא ידוע</ManufacturerName>
      <ManufactureCountry>לא ידוע</ManufactureCountry>
      <ManufacturerItemDescription>טופו בזיליקום 300 גר</ManufacturerItemDescription>
      <UnitQty>גרמים</UnitQty>
      <Quantity>300.00</Quantity>
      <bIsWeighted>0</bIsWeighted>
      <UnitOfMeasure>100 גרם</UnitOfMeasure>
      <QtyInPackage>1</QtyInPackage>
      <ItemPrice>14.90</ItemPrice>
      <UnitOfMeasurePrice>4.97</UnitOfMeasurePrice>
      <AllowDiscount>1</AllowDiscount>
      <ItemStatus>1</ItemStatus>
    </Item>
    <Item>
      <PriceUpdateDate>2025-05-23 08:10</PriceUpdateDate>
      <ItemCode>7290110323301</ItemCode>
      <ItemType>1</ItemType>
      <ItemName>גבינה טל העמק 32% 200 גר</ItemName>
      <ManufacturerName>לא ידוע</ManufacturerName>
      <ManufactureCountry>ישראל</ManufactureCountry>
      <ManufacturerItemDescription>גבינה טל העמק 32% 20</ManufacturerItemDescription>
      <UnitQty>גרמים</UnitQty>
      <Quantity>200.00</Quantity>
      <bIsWeighted>0</bIsWeighted>
      <UnitOfMeasure>100 גרם</UnitOfMeasure>
      <QtyInPackage>1</QtyInPackage>
      <ItemPrice>24.30</ItemPrice>
      <UnitOfMeasurePrice>12.15</UnitOfMeasurePrice>
      <AllowDiscount>1</AllowDiscount>
      <ItemStatus>1</ItemStatus>
    </Item>
    <Item>
      <PriceUpdateDate>2025-05-23 08:10</PriceUpdateDate>
      <ItemCode>7290110323585</ItemCode>
      <ItemType>1</ItemType>
      <ItemName>יוגורט עם דובדבן מופחת שומן 200 מל GO</ItemName>
      <ManufacturerName>לא ידוע</ManufacturerName>
      <ManufactureCountry>ישראל</ManufactureCountry>
      <ManufacturerItemDescription>יוגורט עם דובדבן מופ</ManufacturerItemDescription>
      <UnitQty>מיליליטרים</UnitQty>
      <Quantity>200.00</Quantity>
      <bIsWeighted>0</bIsWeighted>
      <UnitOfMeasure>100 מ"ל</UnitOfMeasure>
      <QtyInPackage>1</QtyInPackage>
      <ItemPrice>7.30</ItemPrice>
      <UnitOfMeasurePrice>3.65</UnitOfMeasurePrice>
      <AllowDiscount>1</AllowDiscount>
      <ItemStatus>1</ItemStatus>
    </Item>
    <Item>
      <PriceUpdateDate>2025-05-23 08:10</PriceUpdateDate>
      <ItemCode>7290110323592</ItemCode>
      <ItemType>1</ItemType>
      <ItemName>יוגורט עם אפרסק מופחת שומן 200 מל GO</ItemName>
      <ManufacturerName>לא ידוע</ManufacturerName>
      <ManufactureCountry>ישראל</ManufactureCountry>
      <ManufacturerItemDescription>יוגורט עם אפרסק מופח</ManufacturerItemDescription>
      <UnitQty>מיליליטרים</UnitQty>
      <Quantity>200.00</Quantity>
      <bIsWeighted>0</bIsWeighted>
      <UnitOfMeasure>100 מ"ל</UnitOfMeasure>
      <QtyInPackage>1</QtyInPackage>
      <ItemPrice>7.30</ItemPrice>
      <UnitOfMeasurePrice>3.65</UnitOfMeasurePrice>
      <AllowDiscount>1</AllowDiscount>
      <ItemStatus>1</ItemStatus>
    </Item>
    <Item>
      <PriceUpdateDate>2025-05-23 08:10</PriceUpdateDate>
      <ItemCode>7290110324070</ItemCode>
      <ItemType>1</ItemType>
      <ItemName>גבינת חלומי מחלב בקר 22% 200 גר</ItemName>
      <ManufacturerName>לא ידוע</ManufacturerName>
      <ManufactureCountry />
      <ManufacturerItemDescription>חלומי מחלב בקר 22%  </ManufacturerItemDescription>
      <UnitQty>גרמים</UnitQty>
      <Quantity>200.00</Quantity>
      <bIsWeighted>0</bIsWeighted>
      <UnitOfMeasure>100 גרם</UnitOfMeasure>
      <QtyInPackage>1</QtyInPackage>
      <ItemPrice>32.30</ItemPrice>
      <UnitOfMeasurePrice>16.15</UnitOfMeasurePrice>
      <AllowDiscount>1</AllowDiscount>
      <ItemStatus>1</ItemStatus>
    </Item>
    <Item>
      <PriceUpdateDate>2025-05-21 08:29</PriceUpdateDate>
      <ItemCode>7290110324872</ItemCode>
      <ItemType>1</ItemType>
      <ItemName>גלבוע 5% 200 גרם</ItemName>
      <ManufacturerName>לא ידוע</ManufacturerName>
      <ManufactureCountry>לא ידוע</ManufactureCountry>
      <ManufacturerItemDescription>גלבוע 5% 200 גרם    </ManufacturerItemDescription>
      <UnitQty>גרמים</UnitQty>
      <Quantity>200.00</Quantity>
      <bIsWeighted>0</bIsWeighted>
      <UnitOfMeasure>100 גרם</UnitOfMeasure>
      <QtyInPackage>1</QtyInPackage>
      <ItemPrice>21.90</ItemPrice>
      <UnitOfMeasurePrice>10.95</UnitOfMeasurePrice>
      <AllowDiscount>1</AllowDiscount>
      <ItemStatus>1</ItemStatus>
    </Item>
    <Item>
      <PriceUpdateDate>2022-12-01 09:12</PriceUpdateDate>
      <ItemCode>7290110324926</ItemCode>
      <ItemType>1</ItemType>
      <ItemName>משקה סויה ללא תוספת סוכר 1 ליטר</ItemName>
      <ManufacturerName>לא ידוע</ManufacturerName>
      <ManufactureCountry />
      <ManufacturerItemDescription>משקה סויה ללא תוספת </ManufacturerItemDescription>
      <UnitQty>מיליליטרים</UnitQty>
      <Quantity>1000.00</Quantity>
      <bIsWeighted>0</bIsWeighted>
      <UnitOfMeasure>100 מ"ל</UnitOfMeasure>
      <QtyInPackage>1</QtyInPackage>
      <ItemPrice>13.50</ItemPrice>
      <UnitOfMeasurePrice>1.35</UnitOfMeasurePrice>
      <AllowDiscount>1</AllowDiscount>
      <ItemStatus>1</ItemStatus>
    </Item>
    <Item>
      <PriceUpdateDate>2025-01-14 08:31</PriceUpdateDate>
      <ItemCode>7290110325114</ItemCode>
      <ItemType>1</ItemType>
      <ItemName>משקה יוגורט גו לייט תות בננה 250 מל</ItemName>
      <ManufacturerName>לא ידוע</ManufacturerName>
      <ManufactureCountry>ישראל</ManufactureCountry>
      <ManufacturerItemDescription>משקה יוגורט גו לייט </ManufacturerItemDescription>
      <UnitQty>מיליליטרים</UnitQty>
      <Quantity>250.00</Quantity>
      <bIsWeighted>0</bIsWeighted>
      <UnitOfMeasure>100 מ"ל</UnitOfMeasure>
      <QtyInPackage>1</QtyInPackage>
      <ItemPrice>7.90</ItemPrice>
      <UnitOfMeasurePrice>3.16</UnitOfMeasurePrice>
      <AllowDiscount>1</AllowDiscount>
      <ItemStatus>1</ItemStatus>
    </Item>
    <Item>
      <PriceUpdateDate>2025-01-29 07:03</PriceUpdateDate>
      <ItemCode>7290110325619</ItemCode>
      <ItemType>1</ItemType>
      <ItemName>מאגדת זוג משקה שקדים 2*1 ליטר</ItemName>
      <ManufacturerName>לא ידוע</ManufacturerName>
      <ManufactureCountry>ישראל</ManufactureCountry>
      <ManufacturerItemDescription>משקה שיבולת שועל 1 ל</ManufacturerItemDescription>
      <UnitQty>ליטרים</UnitQty>
      <Quantity>0.00</Quantity>
      <bIsWeighted>0</bIsWeighted>
      <UnitOfMeasure>ליטר</UnitOfMeasure>
      <QtyInPackage>1</QtyInPackage>
      <ItemPrice>15.90</ItemPrice>
      <UnitOfMeasurePrice>15.90</UnitOfMeasurePrice>
      <AllowDiscount>1</AllowDiscount>
      <ItemStatus>1</ItemStatus>
    </Item>
    <Item>
      <PriceUpdateDate>2025-01-29 07:03</PriceUpdateDate>
      <ItemCode>7290110325626</ItemCode>
      <ItemType>1</ItemType>
      <ItemName>משקה שקדים ללא תוספת סוכר 1 ליטר</ItemName>
      <ManufacturerName>לא ידוע</ManufacturerName>
      <ManufactureCountry>לא ידוע</ManufactureCountry>
      <ManufacturerItemDescription>משקה שקדים ללא תוספת</ManufacturerItemDescription>
      <UnitQty>מיליליטרים</UnitQty>
      <Quantity>1000.00</Quantity>
      <bIsWeighted>0</bIsWeighted>
      <UnitOfMeasure>100 מ"ל</UnitOfMeasure>
      <QtyInPackage>1</QtyInPackage>
      <ItemPrice>15.90</ItemPrice>
      <UnitOfMeasurePrice>1.59</UnitOfMeasurePrice>
      <AllowDiscount>1</AllowDiscount>
      <ItemStatus>1</ItemStatus>
    </Item>
    <Item>
      <PriceUpdateDate>2025-05-23 08:11</PriceUpdateDate>
      <ItemCode>7290110325893</ItemCode>
      <ItemType>1</ItemType>
      <ItemName>אייס קפה  GO 340 מ"ל</ItemName>
      <ManufacturerName>לא ידוע</ManufacturerName>
      <ManufactureCountry>IL</ManufactureCountry>
      <ManufacturerItemDescription>משקה חלב אייס קפה GO</ManufacturerItemDescription>
      <UnitQty>גרמים</UnitQty>
      <Quantity>340.00</Quantity>
      <bIsWeighted>0</bIsWeighted>
      <UnitOfMeasure>100 גרם</UnitOfMeasure>
      <QtyInPackage>1</QtyInPackage>
      <ItemPrice>11.70</ItemPrice>
      <UnitOfMeasurePrice>3.44</UnitOfMeasurePrice>
      <AllowDiscount>1</AllowDiscount>
      <ItemStatus>1</ItemStatus>
    </Item>
    <Item>
      <PriceUpdateDate>2025-05-23 08:11</PriceUpdateDate>
      <ItemCode>7290110326333</ItemCode>
      <ItemType>1</ItemType>
      <ItemName>גבינה סקנדינבית פרוסות 170 גרם</ItemName>
      <ManufacturerName>לא ידוע</ManufacturerName>
      <ManufactureCountry>ישראל</ManufactureCountry>
      <ManufacturerItemDescription>גבינה סקנדינבית פרוס</ManufacturerItemDescription>
      <UnitQty>גרמים</UnitQty>
      <Quantity>170.00</Quantity>
      <bIsWeighted>0</bIsWeighted>
      <UnitOfMeasure>100 גרם</UnitOfMeasure>
      <QtyInPackage>0</QtyInPackage>
      <ItemPrice>23.30</ItemPrice>
      <UnitOfMeasurePrice>13.71</UnitOfMeasurePrice>
      <AllowDiscount>1</AllowDiscount>
      <ItemStatus>1</ItemStatus>
    </Item>
    <Item>
      <PriceUpdateDate>2025-01-29 07:03</PriceUpdateDate>
      <ItemCode>7290110327514</ItemCode>
      <ItemType>1</ItemType>
      <ItemName>משקה שיבולת שועל בטעם אגוזי לוז 1 ליטר</ItemName>
      <ManufacturerName>לא ידוע</ManufacturerName>
      <ManufactureCountry />
      <ManufacturerItemDescription>משקה שיבולת שועל בטע</ManufacturerItemDescription>
      <UnitQty>מיליליטרים</UnitQty>
      <Quantity>1000.00</Quantity>
      <bIsWeighted>0</bIsWeighted>
      <UnitOfMeasure>100 מ"ל</UnitOfMeasure>
      <QtyInPackage>1</QtyInPackage>
      <ItemPrice>15.90</ItemPrice>
      <UnitOfMeasurePrice>1.59</UnitOfMeasurePrice>
      <AllowDiscount>1</AllowDiscount>
      <ItemStatus>1</ItemStatus>
    </Item>
    <Item>
      <PriceUpdateDate>2025-05-23 08:11</PriceUpdateDate>
      <ItemCode>7290110328221</ItemCode>
      <ItemType>1</ItemType>
      <ItemName>יוגורט תנובה נטול לקטוז 200 גרם</ItemName>
      <ManufacturerName>לא ידוע</ManufacturerName>
      <ManufactureCountry>ישראל</ManufactureCountry>
      <ManufacturerItemDescription>יוגורט תנובה נטול לק</ManufacturerItemDescription>
      <UnitQty>קילוגרמים</UnitQty>
      <Quantity>0.20</Quantity>
      <bIsWeighted>0</bIsWeighted>
      <UnitOfMeasure>ק"ג</UnitOfMeasure>
      <QtyInPackage>1</QtyInPackage>
      <ItemPrice>5.10</ItemPrice>
      <UnitOfMeasurePrice>25.50</UnitOfMeasurePrice>
      <AllowDiscount>1</AllowDiscount>
      <ItemStatus>1</ItemStatus>
    </Item>
    <Item>
      <PriceUpdateDate>2025-05-23 08:11</PriceUpdateDate>
      <ItemCode>7290110328504</ItemCode>
      <ItemType>1</ItemType>
      <ItemName>טריו מיקס- מוצרלה סקנדינבית וגאודה 300 ג</ItemName>
      <ManufacturerName>לא ידוע</ManufacturerName>
      <ManufactureCountry>ישראל</ManufactureCountry>
      <ManufacturerItemDescription>טריו מיקס- מוצרלה סק</ManufacturerItemDescription>
      <UnitQty>גרמים</UnitQty>
      <Quantity>300.00</Quantity>
      <bIsWeighted>0</bIsWeighted>
      <UnitOfMeasure>100 גרם</UnitOfMeasure>
      <QtyInPackage>1</QtyInPackage>
      <ItemPrice>38.30</ItemPrice>
      <UnitOfMeasurePrice>12.77</UnitOfMeasurePrice>
      <AllowDiscount>1</AllowDiscount>
      <ItemStatus>1</ItemStatus>
    </Item>
    <Item>
      <PriceUpdateDate>2025-05-23 08:11</PriceUpdateDate>
      <ItemCode>7290110328627</ItemCode>
      <ItemType>1</ItemType>
      <ItemName>יוגורט סמיך בננה קרמל 0% 200 מל GO</ItemName>
      <ManufacturerName>לא ידוע</ManufacturerName>
      <ManufactureCountry />
      <ManufacturerItemDescription>יוגורט גו סמיך בננה </ManufacturerItemDescription>
      <UnitQty>מיליליטרים</UnitQty>
      <Quantity>200.00</Quantity>
      <bIsWeighted>0</bIsWeighted>
      <UnitOfMeasure>100 מ"ל</UnitOfMeasure>
      <QtyInPackage>1</QtyInPackage>
      <ItemPrice>7.30</ItemPrice>
      <UnitOfMeasurePrice>3.65</UnitOfMeasurePrice>
      <AllowDiscount>1</AllowDiscount>
      <ItemStatus>1</ItemStatus>
    </Item>
    <Item>
      <PriceUpdateDate>2025-05-23 08:11</PriceUpdateDate>
      <ItemCode>7290110328764</ItemCode>
      <ItemType>1</ItemType>
      <ItemName>יוגורט סמיך תות 0% 200 מל GO</ItemName>
      <ManufacturerName>לא ידוע</ManufacturerName>
      <ManufactureCountry />
      <ManufacturerItemDescription>יוגורט גו סמיך תות  </ManufacturerItemDescription>
      <UnitQty>מיליליטרים</UnitQty>
      <Quantity>200.00</Quantity>
      <bIsWeighted>0</bIsWeighted>
      <UnitOfMeasure>100 מ"ל</UnitOfMeasure>
      <QtyInPackage>1</QtyInPackage>
      <ItemPrice>7.30</ItemPrice>
      <UnitOfMeasurePrice>3.65</UnitOfMeasurePrice>
      <AllowDiscount>1</AllowDiscount>
      <ItemStatus>1</ItemStatus>
    </Item>
    <Item>
      <PriceUpdateDate>2025-05-23 08:11</PriceUpdateDate>
      <ItemCode>7290110328788</ItemCode>
      <ItemType>1</ItemType>
      <ItemName>יוגורט סמיך אפרסק 0% 200 מל GO</ItemName>
      <ManufacturerName>לא ידוע</ManufacturerName>
      <ManufactureCountry />
      <ManufacturerItemDescription>יוגורט גו סמיך אפרסק</ManufacturerItemDescription>
      <UnitQty>מיליליטרים</UnitQty>
      <Quantity>200.00</Quantity>
      <bIsWeighted>0</bIsWeighted>
      <UnitOfMeasure>100 מ"ל</UnitOfMeasure>
      <QtyInPackage>1</QtyInPackage>
      <ItemPrice>7.30</ItemPrice>
      <UnitOfMeasurePrice>3.65</UnitOfMeasurePrice>
      <AllowDiscount>1</AllowDiscount>
      <ItemStatus>1</ItemStatus>
    </Item>
    <Item>
      <PriceUpdateDate>2025-05-23 08:11</PriceUpdateDate>
      <ItemCode>7290110329136</ItemCode>
      <ItemType>1</ItemType>
      <ItemName>מעדן חלב go בטעם שוקולד 12 ג חלבון 120 ג</ItemName>
      <ManufacturerName>לא ידוע</ManufacturerName>
      <ManufactureCountry />
      <ManufacturerItemDescription>מעדן חלב go בטעם שוק</ManufacturerItemDescription>
      <UnitQty>גרמים</UnitQty>
      <Quantity>120.00</Quantity>
      <bIsWeighted>0</bIsWeighted>
      <UnitOfMeasure>100 גרם</UnitOfMeasure>
      <QtyInPackage>1</QtyInPackage>
      <ItemPrice>7.10</ItemPrice>
      <UnitOfMeasurePrice>5.92</UnitOfMeasurePrice>
      <AllowDiscount>1</AllowDiscount>
      <ItemStatus>1</ItemStatus>
    </Item>
    <Item>
      <PriceUpdateDate>2025-05-21 08:40</PriceUpdateDate>
      <ItemCode>7290110329143</ItemCode>
      <ItemType>1</ItemType>
      <ItemName>מעדן חלב go בטעם וניל 12 ג חלבון 120 גרם</ItemName>
      <ManufacturerName>לא ידוע</ManufacturerName>
      <ManufactureCountry />
      <ManufacturerItemDescription>מעדן חלב go בטעם וני</ManufacturerItemDescription>
      <UnitQty>גרמים</UnitQty>
      <Quantity>120.00</Quantity>
      <bIsWeighted>0</bIsWeighted>
      <UnitOfMeasure>100 גרם</UnitOfMeasure>
      <QtyInPackage>1</QtyInPackage>
      <ItemPrice>7.10</ItemPrice>
      <UnitOfMeasurePrice>5.92</UnitOfMeasurePrice>
      <AllowDiscount>1</AllowDiscount>
      <ItemStatus>1</ItemStatus>
    </Item>
    <Item>
      <PriceUpdateDate>2025-03-03 07:00</PriceUpdateDate>
      <ItemCode>7290110329792</ItemCode>
      <ItemType>1</ItemType>
      <ItemName>סויה BIO אפרסק גביע Alternative 150 גרם</ItemName>
      <ManufacturerName>לא ידוע</ManufacturerName>
      <ManufactureCountry>ישראל</ManufactureCountry>
      <ManufacturerItemDescription>סויה BIO אפרסק גביע </ManufacturerItemDescription>
      <UnitQty>גרמים</UnitQty>
      <Quantity>150.00</Quantity>
      <bIsWeighted>0</bIsWeighted>
      <UnitOfMeasure>100 גרם</UnitOfMeasure>
      <QtyInPackage>1</QtyInPackage>
      <ItemPrice>6.30</ItemPrice>
      <UnitOfMeasurePrice>4.20</UnitOfMeasurePrice>
      <AllowDiscount>1</AllowDiscount>
      <ItemStatus>1</ItemStatus>
    </Item>
    <Item>
      <PriceUpdateDate>2025-03-03 07:00</PriceUpdateDate>
      <ItemCode>7290110329808</ItemCode>
      <ItemType>1</ItemType>
      <ItemName>סויה BIO תות גביע 150 גרם Alternative</ItemName>
      <ManufacturerName>לא ידוע</ManufacturerName>
      <ManufactureCountry>ישראל</ManufactureCountry>
      <ManufacturerItemDescription>סויה BIO תות גביע 15</ManufacturerItemDescription>
      <UnitQty>גרמים</UnitQty>
      <Quantity>150.00</Quantity>
      <bIsWeighted>0</bIsWeighted>
      <UnitOfMeasure>100 גרם</UnitOfMeasure>
      <QtyInPackage>1</QtyInPackage>
      <ItemPrice>6.30</ItemPrice>
      <UnitOfMeasurePrice>4.20</UnitOfMeasurePrice>
      <AllowDiscount>1</AllowDiscount>
      <ItemStatus>1</ItemStatus>
    </Item>
    <Item>
      <PriceUpdateDate>2025-03-03 07:00</PriceUpdateDate>
      <ItemCode>7290110329815</ItemCode>
      <ItemType>1</ItemType>
      <ItemName>מעדן סויה ביו מתיקות מעודנת alternative</ItemName>
      <ManufacturerName>לא ידוע</ManufacturerName>
      <ManufactureCountry>ישראל</ManufactureCountry>
      <ManufacturerItemDescription>מעדן סויה ביו מתיקות</ManufacturerItemDescription>
      <UnitQty>גרמים</UnitQty>
      <Quantity>150.00</Quantity>
      <bIsWeighted>0</bIsWeighted>
      <UnitOfMeasure>100 גרם</UnitOfMeasure>
      <QtyInPackage>1</QtyInPackage>
      <ItemPrice>6.30</ItemPrice>
      <UnitOfMeasurePrice>4.20</UnitOfMeasurePrice>
      <AllowDiscount>1</AllowDiscount>
      <ItemStatus>1</ItemStatus>
    </Item>
    <Item>
      <PriceUpdateDate>2025-03-03 07:00</PriceUpdateDate>
      <ItemCode>7290110329846</ItemCode>
      <ItemType>1</ItemType>
      <ItemName>סויה BIO טבעי גביע Alternative 150 גרם</ItemName>
      <ManufacturerName>לא ידוע</ManufacturerName>
      <ManufactureCountry>ישראל</ManufactureCountry>
      <ManufacturerItemDescription>סויה BIO טבעי גביע A</ManufacturerItemDescription>
      <UnitQty>גרמים</UnitQty>
      <Quantity>150.00</Quantity>
      <bIsWeighted>0</bIsWeighted>
      <UnitOfMeasure>100 גרם</UnitOfMeasure>
      <QtyInPackage>1</QtyInPackage>
      <ItemPrice>6.30</ItemPrice>
      <UnitOfMeasurePrice>4.20</UnitOfMeasurePrice>
      <AllowDiscount>1</AllowDiscount>
      <ItemStatus>1</ItemStatus>
    </Item>
    <Item>
      <PriceUpdateDate>2025-05-23 08:11</PriceUpdateDate>
      <ItemCode>7290110329952</ItemCode>
      <ItemType>1</ItemType>
      <ItemName>יוגורט גו סמיך קוקוס 0.4% 200 מ"ל</ItemName>
      <ManufacturerName>לא ידוע</ManufacturerName>
      <ManufactureCountry>ישראל</ManufactureCountry>
      <ManufacturerItemDescription>יוגורט גו סמיך קוקוס</ManufacturerItemDescription>
      <UnitQty>מיליליטרים</UnitQty>
      <Quantity>200.00</Quantity>
      <bIsWeighted>0</bIsWeighted>
      <UnitOfMeasure>100 מ"ל</UnitOfMeasure>
      <QtyInPackage>1</QtyInPackage>
      <ItemPrice>7.30</ItemPrice>
      <UnitOfMeasurePrice>3.65</UnitOfMeasurePrice>
      <AllowDiscount>1</AllowDiscount>
      <ItemStatus>1</ItemStatus>
    </Item>
    <Item>
      <PriceUpdateDate>2025-08-31 14:45</PriceUpdateDate>
      <ItemCode>7290110552237</ItemCode>
      <ItemType>1</ItemType>
      <ItemName>דנונה פרו אפרסק מנגו 20 ג ללא סוכר 200 ג</ItemName>
      <ManufacturerName>לא ידוע</ManufacturerName>
      <ManufactureCountry />
      <ManufacturerItemDescription>דנונה פרו אפרסק מנגו</ManufacturerItemDescription>
      <UnitQty>גרמים</UnitQty>
      <Quantity>200.00</Quantity>
      <bIsWeighted>0</bIsWeighted>
      <UnitOfMeasure>100 גרם</UnitOfMeasure>
      <QtyInPackage>1</QtyInPackage>
      <ItemPrice>7.00</ItemPrice>
      <UnitOfMeasurePrice>3.50</UnitOfMeasurePrice>
      <AllowDiscount>1</AllowDiscount>
      <ItemStatus>1</ItemStatus>
    </Item>
    <Item>
      <PriceUpdateDate>2024-11-18 15:49</PriceUpdateDate>
      <ItemCode>7290110553029</ItemCode>
      <ItemType>1</ItemType>
      <ItemName>פריכיות חלבון קייל חומוס ומלח 60 ג</ItemName>
      <ManufacturerName>לא ידוע</ManufacturerName>
      <ManufactureCountry>ישראל</ManufactureCountry>
      <ManufacturerItemDescription>פריכיות חלבון קייל ח</ManufacturerItemDescription>
      <UnitQty>גרמים</UnitQty>
      <Quantity>60.00</Quantity>
      <bIsWeighted>0</bIsWeighted>
      <UnitOfMeasure>100 גרם</UnitOfMeasure>
      <QtyInPackage>1</QtyInPackage>
      <ItemPrice>14.90</ItemPrice>
      <UnitOfMeasurePrice>24.83</UnitOfMeasurePrice>
      <AllowDiscount>1</AllowDiscount>
      <ItemStatus>1</ItemStatus>
    </Item>
    <Item>
      <PriceUpdateDate>2024-02-04 10:53</PriceUpdateDate>
      <ItemCode>7290110553623</ItemCode>
      <ItemType>1</ItemType>
      <ItemName>ציטוס קראנץ צדר חלפיניו 80 גר</ItemName>
      <ManufacturerName>לא ידוע</ManufacturerName>
      <ManufactureCountry>ישראל</ManufactureCountry>
      <ManufacturerItemDescription>ציטוס קראנץ צדר חלפי</ManufacturerItemDescription>
      <UnitQty>גרמים</UnitQty>
      <Quantity>80.00</Quantity>
      <bIsWeighted>0</bIsWeighted>
      <UnitOfMeasure>100 גרם</UnitOfMeasure>
      <QtyInPackage>1</QtyInPackage>
      <ItemPrice>5.50</ItemPrice>
      <UnitOfMeasurePrice>6.88</UnitOfMeasurePrice>
      <AllowDiscount>1</AllowDiscount>
      <ItemStatus>1</ItemStatus>
    </Item>
    <Item>
      <PriceUpdateDate>2025-03-11 15:19</PriceUpdateDate>
      <ItemCode>7290110554422</ItemCode>
      <ItemType>1</ItemType>
      <ItemName>רוטב עגבניות ופלפלים לשקשוקה 350 גרם</ItemName>
      <ManufacturerName>לא ידוע</ManufacturerName>
      <ManufactureCountry>איטליה</ManufactureCountry>
      <ManufacturerItemDescription>רוטב עגבניות ופלפלים</ManufacturerItemDescription>
      <UnitQty>גרמים</UnitQty>
      <Quantity>350.00</Quantity>
      <bIsWeighted>0</bIsWeighted>
      <UnitOfMeasure>100 גרם</UnitOfMeasure>
      <QtyInPackage>1</QtyInPackage>
      <ItemPrice>17.90</ItemPrice>
      <UnitOfMeasurePrice>5.11</UnitOfMeasurePrice>
      <AllowDiscount>1</AllowDiscount>
      <ItemStatus>1</ItemStatus>
    </Item>
    <Item>
      <PriceUpdateDate>2023-06-04 19:30</PriceUpdateDate>
      <ItemCode>7290110554477</ItemCode>
      <ItemType>1</ItemType>
      <ItemName>קפסולת אספרסו לאפוגטו טעם מייפל פקאן 50ג</ItemName>
      <ManufacturerName>לא ידוע</ManufacturerName>
      <ManufactureCountry>IL</ManufactureCountry>
      <ManufacturerItemDescription>קפסולת אספרסו לאפוגט</ManufacturerItemDescription>
      <UnitQty>גרמים</UnitQty>
      <Quantity>50.00</Quantity>
      <bIsWeighted>0</bIsWeighted>
      <UnitOfMeasure>100 גרם</UnitOfMeasure>
      <QtyInPackage>1</QtyInPackage>
      <ItemPrice>19.90</ItemPrice>
      <UnitOfMeasurePrice>39.80</UnitOfMeasurePrice>
      <AllowDiscount>1</AllowDiscount>
      <ItemStatus>1</ItemStatus>
    </Item>
    <Item>
      <PriceUpdateDate>2024-12-30 23:00</PriceUpdateDate>
      <ItemCode>7290110555344</ItemCode>
      <ItemType>1</ItemType>
      <ItemName>נמס ICE וניל 250 מ"ל</ItemName>
      <ManufacturerName>מונסטרלנד</ManufacturerName>
      <ManufactureCountry>גרמניה</ManufactureCountry>
      <ManufacturerItemDescription>נמס ICE וניל 250 מ"ל</ManufacturerItemDescription>
      <UnitQty>מיליליטרים</UnitQty>
      <Quantity>250.00</Quantity>
      <bIsWeighted>0</bIsWeighted>
      <UnitOfMeasure>100 מ"ל</UnitOfMeasure>
      <QtyInPackage>1</QtyInPackage>
      <ItemPrice>10.90</ItemPrice>
      <UnitOfMeasurePrice>4.36</UnitOfMeasurePrice>
      <AllowDiscount>1</AllowDiscount>
      <ItemStatus>1</ItemStatus>
    </Item>
    <Item>
      <PriceUpdateDate>2024-11-21 16:57</PriceUpdateDate>
      <ItemCode>7290110557133</ItemCode>
      <ItemType>1</ItemType>
      <ItemName>מעדן הגולן וניל 125 גרם</ItemName>
      <ManufacturerName>לא ידוע</ManufacturerName>
      <ManufactureCountry>ישראל</ManufactureCountry>
      <ManufacturerItemDescription>מעדן הגולן וניל 125 </ManufacturerItemDescription>
      <UnitQty>גרמים</UnitQty>
      <Quantity>125.00</Quantity>
      <bIsWeighted>0</bIsWeighted>
      <UnitOfMeasure>100 גרם</UnitOfMeasure>
      <QtyInPackage>1</QtyInPackage>
      <ItemPrice>3.90</ItemPrice>
      <UnitOfMeasurePrice>3.12</UnitOfMeasurePrice>
      <AllowDiscount>1</AllowDiscount>
      <ItemStatus>1</ItemStatus>
    </Item>
    <Item>
      <PriceUpdateDate>2025-09-16 12:36</PriceUpdateDate>
      <ItemCode>7290110557423</ItemCode>
      <ItemType>1</ItemType>
      <ItemName>מילקי שכבות בטעם דאבל שוקולד קצפת 108 גר</ItemName>
      <ManufacturerName>לא ידוע</ManufacturerName>
      <ManufactureCountry>IL</ManufactureCountry>
      <ManufacturerItemDescription>מילקי שכבות בטעם דאב</ManufacturerItemDescription>
      <UnitQty>גרמים</UnitQty>
      <Quantity>108.00</Quantity>
      <bIsWeighted>0</bIsWeighted>
      <UnitOfMeasure>100 גרם</UnitOfMeasure>
      <QtyInPackage>1</QtyInPackage>
      <ItemPrice>4.50</ItemPrice>
      <UnitOfMeasurePrice>4.17</UnitOfMeasurePrice>
      <AllowDiscount>1</AllowDiscount>
      <ItemStatus>1</ItemStatus>
    </Item>
    <Item>
      <PriceUpdateDate>2025-09-16 12:35</PriceUpdateDate>
      <ItemCode>7290110558284</ItemCode>
      <ItemType>1</ItemType>
      <ItemName>דנונה ביו מולטי 200 גרם</ItemName>
      <ManufacturerName>לא ידוע</ManufacturerName>
      <ManufactureCountry />
      <ManufacturerItemDescription>דנונה ביו מולטי 200 </ManufacturerItemDescription>
      <UnitQty>גרמים</UnitQty>
      <Quantity>200.00</Quantity>
      <bIsWeighted>0</bIsWeighted>
      <UnitOfMeasure>100 גרם</UnitOfMeasure>
      <QtyInPackage>1</QtyInPackage>
      <ItemPrice>5.70</ItemPrice>
      <UnitOfMeasurePrice>2.85</UnitOfMeasurePrice>
      <AllowDiscount>1</AllowDiscount>
      <ItemStatus>1</ItemStatus>
    </Item>
    <Item>
      <PriceUpdateDate>2025-09-16 12:36</PriceUpdateDate>
      <ItemCode>7290110558314</ItemCode>
      <ItemType>1</ItemType>
      <ItemName>דנונה פרו פיסטוק 20 ג ללא סוכר 200 ג</ItemName>
      <ManufacturerName>לא ידוע</ManufacturerName>
      <ManufactureCountry>לא ידוע</ManufactureCountry>
      <ManufacturerItemDescription>דנונה פרו פיסטוק 20 </ManufacturerItemDescription>
      <UnitQty>גרמים</UnitQty>
      <Quantity>200.00</Quantity>
      <bIsWeighted>0</bIsWeighted>
      <UnitOfMeasure>100 גרם</UnitOfMeasure>
      <QtyInPackage>1</QtyInPackage>
      <ItemPrice>7.00</ItemPrice>
      <UnitOfMeasurePrice>3.50</UnitOfMeasurePrice>
      <AllowDiscount>1</AllowDiscount>
      <ItemStatus>1</ItemStatus>
    </Item>
    <Item>
      <PriceUpdateDate>2025-06-25 15:45</PriceUpdateDate>
      <ItemCode>7290110558703</ItemCode>
      <ItemType>1</ItemType>
      <ItemName>מעדן חלב מועשר בחלבון בטעם שוקולד ללס</ItemName>
      <ManufacturerName>לא ידוע</ManufacturerName>
      <ManufactureCountry>ישראל</ManufactureCountry>
      <ManufacturerItemDescription>מעדן חלב מועשר בחלבו</ManufacturerItemDescription>
      <UnitQty>גרמים</UnitQty>
      <Quantity>150.00</Quantity>
      <bIsWeighted>0</bIsWeighted>
      <UnitOfMeasure>100 גרם</UnitOfMeasure>
      <QtyInPackage>1</QtyInPackage>
      <ItemPrice>7.00</ItemPrice>
      <UnitOfMeasurePrice>4.67</UnitOfMeasurePrice>
      <AllowDiscount>1</AllowDiscount>
      <ItemStatus>1</ItemStatus>
    </Item>
    <Item>
      <PriceUpdateDate>2025-03-11 15:20</PriceUpdateDate>
      <ItemCode>7290110559014</ItemCode>
      <ItemType>1</ItemType>
      <ItemName>שעועית שחורה 380 גר שטראוס טעם הטבע</ItemName>
      <ManufacturerName>לא ידוע</ManufacturerName>
      <ManufactureCountry />
      <ManufacturerItemDescription>שעועית שחורה 380 גר </ManufacturerItemDescription>
      <UnitQty>גרמים</UnitQty>
      <Quantity>380.00</Quantity>
      <bIsWeighted>0</bIsWeighted>
      <UnitOfMeasure>100 גרם</UnitOfMeasure>
      <QtyInPackage>1</QtyInPackage>
      <ItemPrice>9.50</ItemPrice>
      <UnitOfMeasurePrice>2.50</UnitOfMeasurePrice>
      <AllowDiscount>1</AllowDiscount>
      <ItemStatus>1</ItemStatus>
    </Item>
    <Item>
      <PriceUpdateDate>2025-01-29 07:03</PriceUpdateDate>
      <ItemCode>7290110560300</ItemCode>
      <ItemType>1</ItemType>
      <ItemName>פריכיות משולשות אנרגי פלפל שחור 30 גר</ItemName>
      <ManufacturerName>לא ידוע</ManufacturerName>
      <ManufactureCountry>ישראל</ManufactureCountry>
      <ManufacturerItemDescription>פריכיות משולשות אנרג</ManufacturerItemDescription>
      <UnitQty>גרמים</UnitQty>
      <Quantity>30.00</Quantity>
      <bIsWeighted>0</bIsWeighted>
      <UnitOfMeasure>100 גרם</UnitOfMeasure>
      <QtyInPackage>1</QtyInPackage>
      <ItemPrice>6.90</ItemPrice>
      <UnitOfMeasurePrice>23.00</UnitOfMeasurePrice>
      <AllowDiscount>1</AllowDiscount>
      <ItemStatus>1</ItemStatus>
    </Item>
    <Item>
      <PriceUpdateDate>2025-01-14 08:27</PriceUpdateDate>
      <ItemCode>7290110560317</ItemCode>
      <ItemType>1</ItemType>
      <ItemName>פריכיות משולשות אנרגי מלח ים 30 גר</ItemName>
      <ManufacturerName>לא ידוע</ManufacturerName>
      <ManufactureCountry>ישראל</ManufactureCountry>
      <ManufacturerItemDescription>פריכיות משולשות אנרג</ManufacturerItemDescription>
      <UnitQty>גרמים</UnitQty>
      <Quantity>30.00</Quantity>
      <bIsWeighted>0</bIsWeighted>
      <UnitOfMeasure>100 גרם</UnitOfMeasure>
      <QtyInPackage>1</QtyInPackage>
      <ItemPrice>6.90</ItemPrice>
      <UnitOfMeasurePrice>23.00</UnitOfMeasurePrice>
      <AllowDiscount>1</AllowDiscount>
      <ItemStatus>1</ItemStatus>
    </Item>
    <Item>
      <PriceUpdateDate>2025-01-14 08:31</PriceUpdateDate>
      <ItemCode>7290110561352</ItemCode>
      <ItemType>1</ItemType>
      <ItemName>דנונה דל לקטוז 200 גרם</ItemName>
      <ManufacturerName>לא ידוע</ManufacturerName>
      <ManufactureCountry>לא ידוע</ManufactureCountry>
      <ManufacturerItemDescription>דנונה דל לקטוז      </ManufacturerItemDescription>
      <UnitQty>גרמים</UnitQty>
      <Quantity>200.00</Quantity>
      <bIsWeighted>0</bIsWeighted>
      <UnitOfMeasure>100 גרם</UnitOfMeasure>
      <QtyInPackage>1</QtyInPackage>
      <ItemPrice>4.90</ItemPrice>
      <UnitOfMeasurePrice>2.45</UnitOfMeasurePrice>
      <AllowDiscount>1</AllowDiscount>
      <ItemStatus>1</ItemStatus>
    </Item>
    <Item>
      <PriceUpdateDate>2025-09-16 12:37</PriceUpdateDate>
      <ItemCode>7290110563431</ItemCode>
      <ItemType>1</ItemType>
      <ItemName>משקה קפה קר 1.6% קלאסי 230 מל</ItemName>
      <ManufacturerName>לא ידוע</ManufacturerName>
      <ManufactureCountry>AT</ManufactureCountry>
      <ManufacturerItemDescription>משקה קפה קר 1.6% קלא</ManufacturerItemDescription>
      <UnitQty>מיליליטרים</UnitQty>
      <Quantity>230.00</Quantity>
      <bIsWeighted>0</bIsWeighted>
      <UnitOfMeasure>100 מ"ל</UnitOfMeasure>
      <QtyInPackage>1</QtyInPackage>
      <ItemPrice>12.30</ItemPrice>
      <UnitOfMeasurePrice>5.35</UnitOfMeasurePrice>
      <AllowDiscount>1</AllowDiscount>
      <ItemStatus>1</ItemStatus>
    </Item>
    <Item>
      <PriceUpdateDate>2025-09-16 12:36</PriceUpdateDate>
      <ItemCode>7290110563462</ItemCode>
      <ItemType>1</ItemType>
      <ItemName>חלב נטול לקטוז 2% בבקבוק 1 ליטר</ItemName>
      <ManufacturerName>לא ידוע</ManufacturerName>
      <ManufactureCountry>ישראל</ManufactureCountry>
      <ManufacturerItemDescription>חלב נטול לקטוז 2% בב</ManufacturerItemDescription>
      <UnitQty>מיליליטרים</UnitQty>
      <Quantity>1000.00</Quantity>
      <bIsWeighted>0</bIsWeighted>
      <UnitOfMeasure>100 מ"ל</UnitOfMeasure>
      <QtyInPackage>1</QtyInPackage>
      <ItemPrice>11.20</ItemPrice>
      <UnitOfMeasurePrice>1.12</UnitOfMeasurePrice>
      <AllowDiscount>1</AllowDiscount>
      <ItemStatus>1</ItemStatus>
    </Item>
    <Item>
      <PriceUpdateDate>2024-09-04 11:58</PriceUpdateDate>
      <ItemCode>7290110564339</ItemCode>
      <ItemType>1</ItemType>
      <ItemName>חומוס עשיר ב-30% טחינה אל ארז 400 גר</ItemName>
      <ManufacturerName>לא ידוע</ManufacturerName>
      <ManufactureCountry>לא ידוע</ManufactureCountry>
      <ManufacturerItemDescription>חומוס עשיר ב-30% טחי</ManufacturerItemDescription>
      <UnitQty>גרמים</UnitQty>
      <Quantity>400.00</Quantity>
      <bIsWeighted>0</bIsWeighted>
      <UnitOfMeasure>100 גרם</UnitOfMeasure>
      <QtyInPackage>1</QtyInPackage>
      <ItemPrice>16.90</ItemPrice>
      <UnitOfMeasurePrice>4.23</UnitOfMeasurePrice>
      <AllowDiscount>1</AllowDiscount>
      <ItemStatus>1</ItemStatus>
    </Item>
    <Item>
      <PriceUpdateDate>2024-09-04 11:58</PriceUpdateDate>
      <ItemCode>7290110564360</ItemCode>
      <ItemType>1</ItemType>
      <ItemName>חומוס עשיר ב-40% טחינה 400 גר</ItemName>
      <ManufacturerName>לא ידוע</ManufacturerName>
      <ManufactureCountry>לא ידוע</ManufactureCountry>
      <ManufacturerItemDescription>חומוס עשיר ב-40% טחי</ManufacturerItemDescription>
      <UnitQty>גרמים</UnitQty>
      <Quantity>400.00</Quantity>
      <bIsWeighted>0</bIsWeighted>
      <UnitOfMeasure>100 גרם</UnitOfMeasure>
      <QtyInPackage>1</QtyInPackage>
      <ItemPrice>16.90</ItemPrice>
      <UnitOfMeasurePrice>4.23</UnitOfMeasurePrice>
      <AllowDiscount>1</AllowDiscount>
      <ItemStatus>1</ItemStatus>
    </Item>
    <Item>
      <PriceUpdateDate>2025-09-16 12:35</PriceUpdateDate>
      <ItemCode>7290110565527</ItemCode>
      <ItemType>1</ItemType>
      <ItemName>דנונה פרו 20 גרם חלבון 1.5% 200 גר</ItemName>
      <ManufacturerName>לא ידוע</ManufacturerName>
      <ManufactureCountry>לא ידוע</ManufactureCountry>
      <ManufacturerItemDescription>דנונה פרו 20 גרם חלב</ManufacturerItemDescription>
      <UnitQty>גרמים</UnitQty>
      <Quantity>200.00</Quantity>
      <bIsWeighted>0</bIsWeighted>
      <UnitOfMeasure>100 גרם</UnitOfMeasure>
      <QtyInPackage>1</QtyInPackage>
      <ItemPrice>7.00</ItemPrice>
      <UnitOfMeasurePrice>3.50</UnitOfMeasurePrice>
      <AllowDiscount>1</AllowDiscount>
      <ItemStatus>1</ItemStatus>
    </Item>
    <Item>
      <PriceUpdateDate>2025-01-29 07:03</PriceUpdateDate>
      <ItemCode>7290110565572</ItemCode>
      <ItemType>1</ItemType>
      <ItemName>מארז טורקי לדרך עם הל 168 גר</ItemName>
      <ManufacturerName>לא ידוע</ManufacturerName>
      <ManufactureCountry>ישראל</ManufactureCountry>
      <ManufacturerItemDescription>מארז טורקי לדרך עם ה</ManufacturerItemDescription>
      <UnitQty>גרמים</UnitQty>
      <Quantity>168.00</Quantity>
      <bIsWeighted>0</bIsWeighted>
      <UnitOfMeasure>100 גרם</UnitOfMeasure>
      <QtyInPackage>1</QtyInPackage>
      <ItemPrice>22.90</ItemPrice>
      <UnitOfMeasurePrice>13.63</UnitOfMeasurePrice>
      <AllowDiscount>1</AllowDiscount>
      <ItemStatus>1</ItemStatus>
    </Item>
    <Item>
      <PriceUpdateDate>2025-08-31 14:45</PriceUpdateDate>
      <ItemCode>7290110566975</ItemCode>
      <ItemType>1</ItemType>
      <ItemName>דנונה פרו תות 20 גרם 12 יח</ItemName>
      <ManufacturerName>לא ידוע</ManufacturerName>
      <ManufactureCountry>לא ידוע</ManufactureCountry>
      <ManufacturerItemDescription>דנונה פרו תות 20 גרם</ManufacturerItemDescription>
      <UnitQty>גרמים</UnitQty>
      <Quantity>200.00</Quantity>
      <bIsWeighted>0</bIsWeighted>
      <UnitOfMeasure>100 גרם</UnitOfMeasure>
      <QtyInPackage>1</QtyInPackage>
      <ItemPrice>7.00</ItemPrice>
      <UnitOfMeasurePrice>3.50</UnitOfMeasurePrice>
      <AllowDiscount>1</AllowDiscount>
      <ItemStatus>1</ItemStatus>
    </Item>
    <Item>
      <PriceUpdateDate>2025-08-13 14:51</PriceUpdateDate>
      <ItemCode>7290110568276</ItemCode>
      <ItemType>1</ItemType>
      <ItemName>משקה פרו וניל יטבתה 350 מל</ItemName>
      <ManufacturerName>לא ידוע</ManufacturerName>
      <ManufactureCountry>לא ידוע</ManufactureCountry>
      <ManufacturerItemDescription>משקה פרו וניל יטבתה </ManufacturerItemDescription>
      <UnitQty>מיליליטרים</UnitQty>
      <Quantity>350.00</Quantity>
      <bIsWeighted>0</bIsWeighted>
      <UnitOfMeasure>100 מ"ל</UnitOfMeasure>
      <QtyInPackage>1</QtyInPackage>
      <ItemPrice>8.90</ItemPrice>
      <UnitOfMeasurePrice>2.54</UnitOfMeasurePrice>
      <AllowDiscount>1</AllowDiscount>
      <ItemStatus>1</ItemStatus>
    </Item>
    <Item>
      <PriceUpdateDate>2025-03-11 15:20</PriceUpdateDate>
      <ItemCode>7290110571184</ItemCode>
      <ItemType>1</ItemType>
      <ItemName>עדשים חומות 380 גר שטראוס טעם הטבע</ItemName>
      <ManufacturerName>לא ידוע</ManufacturerName>
      <ManufactureCountry />
      <ManufacturerItemDescription>עדשים חומות 380 גר ש</ManufacturerItemDescription>
      <UnitQty>גרמים</UnitQty>
      <Quantity>380.00</Quantity>
      <bIsWeighted>0</bIsWeighted>
      <UnitOfMeasure>100 גרם</UnitOfMeasure>
      <QtyInPackage>1</QtyInPackage>
      <ItemPrice>9.50</ItemPrice>
      <UnitOfMeasurePrice>2.50</UnitOfMeasurePrice>
      <AllowDiscount>1</AllowDiscount>
      <ItemStatus>1</ItemStatus>
    </Item>
    <Item>
      <PriceUpdateDate>2025-08-31 14:45</PriceUpdateDate>
      <ItemCode>7290110571382</ItemCode>
      <ItemType>1</ItemType>
      <ItemName>מעדן חלב בטעם וניל מועשר בחלבון 150 גרם</ItemName>
      <ManufacturerName>לא ידוע</ManufacturerName>
      <ManufactureCountry>IL</ManufactureCountry>
      <ManufacturerItemDescription>מעדן חלב בטעם וניל מ</ManufacturerItemDescription>
      <UnitQty>גרמים</UnitQty>
      <Quantity>150.00</Quantity>
      <bIsWeighted>0</bIsWeighted>
      <UnitOfMeasure>100 גרם</UnitOfMeasure>
      <QtyInPackage>1</QtyInPackage>
      <ItemPrice>7.00</ItemPrice>
      <UnitOfMeasurePrice>4.67</UnitOfMeasurePrice>
      <AllowDiscount>1</AllowDiscount>
      <ItemStatus>1</ItemStatus>
    </Item>
    <Item>
      <PriceUpdateDate>2025-09-16 12:36</PriceUpdateDate>
      <ItemCode>7290110573751</ItemCode>
      <ItemType>1</ItemType>
      <ItemName>מילקי טופ עדשים 130 גרם</ItemName>
      <ManufacturerName>לא ידוע</ManufacturerName>
      <ManufactureCountry>ישראל</ManufactureCountry>
      <ManufacturerItemDescription>מילקי טופ עדשים 130 </ManufacturerItemDescription>
      <UnitQty>גרמים</UnitQty>
      <Quantity>130.00</Quantity>
      <bIsWeighted>0</bIsWeighted>
      <UnitOfMeasure>100 גרם</UnitOfMeasure>
      <QtyInPackage>1</QtyInPackage>
      <ItemPrice>5.50</ItemPrice>
      <UnitOfMeasurePrice>4.23</UnitOfMeasurePrice>
      <AllowDiscount>1</AllowDiscount>
      <ItemStatus>1</ItemStatus>
    </Item>
    <Item>
      <PriceUpdateDate>2025-03-11 15:20</PriceUpdateDate>
      <ItemCode>7290110576837</ItemCode>
      <ItemType>1</ItemType>
      <ItemName>שקשוקה חריפה רוטב עגבניות ופלפלים 350 ג</ItemName>
      <ManufacturerName>לא ידוע</ManufacturerName>
      <ManufactureCountry>איטליה</ManufactureCountry>
      <ManufacturerItemDescription>שקשוקה חריפה רוטב עג</ManufacturerItemDescription>
      <UnitQty>גרמים</UnitQty>
      <Quantity>350.00</Quantity>
      <bIsWeighted>0</bIsWeighted>
      <UnitOfMeasure>100 גרם</UnitOfMeasure>
      <QtyInPackage>1</QtyInPackage>
      <ItemPrice>17.90</ItemPrice>
      <UnitOfMeasurePrice>5.11</UnitOfMeasurePrice>
      <AllowDiscount>1</AllowDiscount>
      <ItemStatus>1</ItemStatus>
    </Item>
    <Item>
      <PriceUpdateDate>2025-08-13 14:52</PriceUpdateDate>
      <ItemCode>7290110577254</ItemCode>
      <ItemType>1</ItemType>
      <ItemName>משקה פרו קפה לל"ס יטבתה 350 מל</ItemName>
      <ManufacturerName>לא ידוע</ManufacturerName>
      <ManufactureCountry>לא ידוע</ManufactureCountry>
      <ManufacturerItemDescription>משקה פרו קפה לל"ס יט</ManufacturerItemDescription>
      <UnitQty>מיליליטרים</UnitQty>
      <Quantity>350.00</Quantity>
      <bIsWeighted>0</bIsWeighted>
      <UnitOfMeasure>100 מ"ל</UnitOfMeasure>
      <QtyInPackage>1</QtyInPackage>
      <ItemPrice>8.90</ItemPrice>
      <UnitOfMeasurePrice>2.54</UnitOfMeasurePrice>
      <AllowDiscount>1</AllowDiscount>
      <ItemStatus>1</ItemStatus>
    </Item>
    <Item>
      <PriceUpdateDate>2025-08-13 14:52</PriceUpdateDate>
      <ItemCode>7290110577261</ItemCode>
      <ItemType>1</ItemType>
      <ItemName>משקה פרו שוקולד אגוזים יטבתה 350 מל</ItemName>
      <ManufacturerName>לא ידוע</ManufacturerName>
      <ManufactureCountry>לא ידוע</ManufactureCountry>
      <ManufacturerItemDescription>משקה פרו שוקולד אגוז</ManufacturerItemDescription>
      <UnitQty>מיליליטרים</UnitQty>
      <Quantity>350.00</Quantity>
      <bIsWeighted>0</bIsWeighted>
      <UnitOfMeasure>100 מ"ל</UnitOfMeasure>
      <QtyInPackage>1</QtyInPackage>
      <ItemPrice>8.90</ItemPrice>
      <UnitOfMeasurePrice>2.54</UnitOfMeasurePrice>
      <AllowDiscount>1</AllowDiscount>
      <ItemStatus>1</ItemStatus>
    </Item>
    <Item>
      <PriceUpdateDate>2025-03-06 18:56</PriceUpdateDate>
      <ItemCode>7290110577599</ItemCode>
      <ItemType>1</ItemType>
      <ItemName>אנרגי משולשות כשלפ תירס בצל מקורמל 30 ג</ItemName>
      <ManufacturerName>לא ידוע</ManufacturerName>
      <ManufactureCountry>ישראל</ManufactureCountry>
      <ManufacturerItemDescription>אנרגי משולשות כשלפ ת</ManufacturerItemDescription>
      <UnitQty>גרמים</UnitQty>
      <Quantity>30.00</Quantity>
      <bIsWeighted>0</bIsWeighted>
      <UnitOfMeasure>100 גרם</UnitOfMeasure>
      <QtyInPackage>1</QtyInPackage>
      <ItemPrice>6.90</ItemPrice>
      <UnitOfMeasurePrice>23.00</UnitOfMeasurePrice>
      <AllowDiscount>1</AllowDiscount>
      <ItemStatus>1</ItemStatus>
    </Item>
    <Item>
      <PriceUpdateDate>2025-11-14 09:53</PriceUpdateDate>
      <ItemCode>7290110578459</ItemCode>
      <ItemType>1</ItemType>
      <ItemName>טעמי קרם קרמל מלוח עם שברי פופקורן 36 גר</ItemName>
      <ManufacturerName>לא ידוע</ManufacturerName>
      <ManufactureCountry>IL</ManufactureCountry>
      <ManufacturerItemDescription>טעמי קרם קרמל מלוח ע</ManufacturerItemDescription>
      <UnitQty>גרמים</UnitQty>
      <Quantity>36.00</Quantity>
      <bIsWeighted>0</bIsWeighted>
      <UnitOfMeasure>100 גרם</UnitOfMeasure>
      <QtyInPackage>1</QtyInPackage>
      <ItemPrice>5.90</ItemPrice>
      <UnitOfMeasurePrice>16.39</UnitOfMeasurePrice>
      <AllowDiscount>1</AllowDiscount>
      <ItemStatus>1</ItemStatus>
    </Item>
    <Item>
      <PriceUpdateDate>2025-03-11 15:20</PriceUpdateDate>
      <ItemCode>7290110579272</ItemCode>
      <ItemType>1</ItemType>
      <ItemName>פסטקיד- רוטב עגבניות לפסטה לילדים 350 גר</ItemName>
      <ManufacturerName>לא ידוע</ManufacturerName>
      <ManufactureCountry>איטליה</ManufactureCountry>
      <ManufacturerItemDescription>פסטקיד- רוטב עגבניות</ManufacturerItemDescription>
      <UnitQty>גרמים</UnitQty>
      <Quantity>350.00</Quantity>
      <bIsWeighted>0</bIsWeighted>
      <UnitOfMeasure>100 גרם</UnitOfMeasure>
      <QtyInPackage>1</QtyInPackage>
      <ItemPrice>17.90</ItemPrice>
      <UnitOfMeasurePrice>5.11</UnitOfMeasurePrice>
      <AllowDiscount>1</AllowDiscount>
      <ItemStatus>1</ItemStatus>
    </Item>
    <Item>
      <PriceUpdateDate>2025-07-16 23:00</PriceUpdateDate>
      <ItemCode>7290110579463</ItemCode>
      <ItemType>1</ItemType>
      <ItemName>שוקולד פרה חלב שברי אגוזים 100 גר</ItemName>
      <ManufacturerName>לא ידוע</ManufacturerName>
      <ManufactureCountry>IL</ManufactureCountry>
      <ManufacturerItemDescription>שוקולד פרה חלב שברי </ManufacturerItemDescription>
      <UnitQty>גרמים</UnitQty>
      <Quantity>100.00</Quantity>
      <bIsWeighted>0</bIsWeighted>
      <UnitOfMeasure>100 גרם</UnitOfMeasure>
      <QtyInPackage>1</QtyInPackage>
      <ItemPrice>10.50</ItemPrice>
      <UnitOfMeasurePrice>10.50</UnitOfMeasurePrice>
      <AllowDiscount>1</AllowDiscount>
      <ItemStatus>1</ItemStatus>
    </Item>
    <Item>
      <PriceUpdateDate>2025-06-29 09:08</PriceUpdateDate>
      <ItemCode>7290110579487</ItemCode>
      <ItemType>1</ItemType>
      <ItemName>בלנד הבית 450 גרם</ItemName>
      <ManufacturerName>לא ידוע</ManufacturerName>
      <ManufactureCountry>ישראל</ManufactureCountry>
      <ManufacturerItemDescription>בלנד הבית 450 גרם   </ManufacturerItemDescription>
      <UnitQty>גרמים</UnitQty>
      <Quantity>450.00</Quantity>
      <bIsWeighted>0</bIsWeighted>
      <UnitOfMeasure>100 גרם</UnitOfMeasure>
      <QtyInPackage>1</QtyInPackage>
      <ItemPrice>52.90</ItemPrice>
      <UnitOfMeasurePrice>11.76</UnitOfMeasurePrice>
      <AllowDiscount>1</AllowDiscount>
      <ItemStatus>1</ItemStatus>
    </Item>
    <Item>
      <PriceUpdateDate>2025-02-24 11:09</PriceUpdateDate>
      <ItemCode>7290111341359</ItemCode>
      <ItemType>1</ItemType>
      <ItemName>רדיד אלומיניום+סכין חיתוך ניקול 60 מטר</ItemName>
      <ManufacturerName>לא ידוע</ManufacturerName>
      <ManufactureCountry>ישראל</ManufactureCountry>
      <ManufacturerItemDescription>רדיד אלומיניום+סכין </ManufacturerItemDescription>
      <UnitQty>מטרים</UnitQty>
      <Quantity>60.00</Quantity>
      <bIsWeighted>0</bIsWeighted>
      <UnitOfMeasure>מטר</UnitOfMeasure>
      <QtyInPackage>1</QtyInPackage>
      <ItemPrice>54.90</ItemPrice>
      <UnitOfMeasurePrice>0.92</UnitOfMeasurePrice>
      <AllowDiscount>1</AllowDiscount>
      <ItemStatus>1</ItemStatus>
    </Item>
    <Item>
      <PriceUpdateDate>2025-01-13 10:22</PriceUpdateDate>
      <ItemCode>7290111342004</ItemCode>
      <ItemType>1</ItemType>
      <ItemName>נייר טואלט לח לילי קידס 56 דפים</ItemName>
      <ManufacturerName>לא ידוע</ManufacturerName>
      <ManufactureCountry>ישראל</ManufactureCountry>
      <ManufacturerItemDescription>נייר טואלט לח לילי ק</ManufacturerItemDescription>
      <UnitQty>Unknown</UnitQty>
      <Quantity>0.00</Quantity>
      <bIsWeighted>0</bIsWeighted>
      <UnitOfMeasure>Unknown</UnitOfMeasure>
      <QtyInPackage>1</QtyInPackage>
      <ItemPrice>10.90</ItemPrice>
      <UnitOfMeasurePrice>10.90</UnitOfMeasurePrice>
      <AllowDiscount>1</AllowDiscount>
      <ItemStatus>1</ItemStatus>
    </Item>
    <Item>
      <PriceUpdateDate>2025-03-06 18:46</PriceUpdateDate>
      <ItemCode>7290111342042</ItemCode>
      <ItemType>1</ItemType>
      <ItemName>כריות יפניות ניקול לניקוי אנטיבקטריאלי 4</ItemName>
      <ManufacturerName>לא ידוע</ManufacturerName>
      <ManufactureCountry>ישראל</ManufactureCountry>
      <ManufacturerItemDescription>כריות יפניות ניקול ל</ManufacturerItemDescription>
      <UnitQty>Unknown</UnitQty>
      <Quantity>0.00</Quantity>
      <bIsWeighted>0</bIsWeighted>
      <UnitOfMeasure>Unknown</UnitOfMeasure>
      <QtyInPackage>1</QtyInPackage>
      <ItemPrice>16.50</ItemPrice>
      <UnitOfMeasurePrice>16.50</UnitOfMeasurePrice>
      <AllowDiscount>1</AllowDiscount>
      <ItemStatus>1</ItemStatus>
    </Item>
    <Item>
      <PriceUpdateDate>2022-05-24 14:53</PriceUpdateDate>
      <ItemCode>7290111342059</ItemCode>
      <ItemType>1</ItemType>
      <ItemName>מט.לחות ניקול לחיט משטחים אנטיבקטריאלי50</ItemName>
      <ManufacturerName>לא ידוע</ManufacturerName>
      <ManufactureCountry>ישראל</ManufactureCountry>
      <ManufacturerItemDescription>מט.לחות ניקול לחיט מ</ManufacturerItemDescription>
      <UnitQty>Unknown</UnitQty>
      <Quantity>0.00</Quantity>
      <bIsWeighted>0</bIsWeighted>
      <UnitOfMeasure>Unknown</UnitOfMeasure>
      <QtyInPackage>1</QtyInPackage>
      <ItemPrice>15.90</ItemPrice>
      <UnitOfMeasurePrice>15.90</UnitOfMeasurePrice>
      <AllowDiscount>1</AllowDiscount>
      <ItemStatus>1</ItemStatus>
    </Item>
    <Item>
      <PriceUpdateDate>2025-03-06 18:46</PriceUpdateDate>
      <ItemCode>7290111343858</ItemCode>
      <ItemType>1</ItemType>
      <ItemName>מטליות לחות ניקול לרצפה אנטיבקטריאלי 10</ItemName>
      <ManufacturerName>לא ידוע</ManufacturerName>
      <ManufactureCountry>IL</ManufactureCountry>
      <ManufacturerItemDescription>מטליות ניקול לרצפה  </ManufacturerItemDescription>
      <UnitQty>Unknown</UnitQty>
      <Quantity>0.00</Quantity>
      <bIsWeighted>0</bIsWeighted>
      <UnitOfMeasure>Unknown</UnitOfMeasure>
      <QtyInPackage>1</QtyInPackage>
      <ItemPrice>16.90</ItemPrice>
      <UnitOfMeasurePrice>16.90</UnitOfMeasurePrice>
      <AllowDiscount>1</AllowDiscount>
      <ItemStatus>1</ItemStatus>
    </Item>
    <Item>
      <PriceUpdateDate>2023-01-18 17:16</PriceUpdateDate>
      <ItemCode>7290111344206</ItemCode>
      <ItemType>1</ItemType>
      <ItemName>מגבוני האגיס רביעייה  מבושם</ItemName>
      <ManufacturerName>לא ידוע</ManufacturerName>
      <ManufactureCountry />
      <ManufacturerItemDescription>מגבוני האגיס רביעייה</ManufacturerItemDescription>
      <UnitQty>Unknown</UnitQty>
      <Quantity>0.00</Quantity>
      <bIsWeighted>0</bIsWeighted>
      <UnitOfMeasure>Unknown</UnitOfMeasure>
      <QtyInPackage>1</QtyInPackage>
      <ItemPrice>25.90</ItemPrice>
      <UnitOfMeasurePrice>25.90</UnitOfMeasurePrice>
      <AllowDiscount>1</AllowDiscount>
      <ItemStatus>1</ItemStatus>
    </Item>
    <Item>
      <PriceUpdateDate>2022-06-09 17:51</PriceUpdateDate>
      <ItemCode>7290111344527</ItemCode>
      <ItemType>1</ItemType>
      <ItemName>זוג שקיות אשפה ניקול שחורות XXL 10 יח</ItemName>
      <ManufacturerName>לא ידוע</ManufacturerName>
      <ManufactureCountry>לא ידוע</ManufactureCountry>
      <ManufacturerItemDescription>זוג שקיות אשפה ניקול</ManufacturerItemDescription>
      <UnitQty>Unknown</UnitQty>
      <Quantity>0.00</Quantity>
      <bIsWeighted>0</bIsWeighted>
      <UnitOfMeasure>Unknown</UnitOfMeasure>
      <QtyInPackage>1</QtyInPackage>
      <ItemPrice>28.20</ItemPrice>
      <UnitOfMeasurePrice>28.20</UnitOfMeasurePrice>
      <AllowDiscount>1</AllowDiscount>
      <ItemStatus>1</ItemStatus>
    </Item>
    <Item>
      <PriceUpdateDate>2025-02-27 09:51</PriceUpdateDate>
      <ItemCode>7290111346828</ItemCode>
      <ItemType>1</ItemType>
      <ItemName>לילי אקסלוסיב טריפל קומפורט ורוד 32 גליל</ItemName>
      <ManufacturerName>לא ידוע</ManufacturerName>
      <ManufactureCountry>לא ידוע</ManufactureCountry>
      <ManufacturerItemDescription>לילי אקסלוסיב טריפל </ManufacturerItemDescription>
      <UnitQty>מטרים</UnitQty>
      <Quantity>485.00</Quantity>
      <bIsWeighted>0</bIsWeighted>
      <UnitOfMeasure>מטר</UnitOfMeasure>
      <QtyInPackage>1</QtyInPackage>
      <ItemPrice>55.90</ItemPrice>
      <UnitOfMeasurePrice>0.12</UnitOfMeasurePrice>
      <AllowDiscount>1</AllowDiscount>
      <ItemStatus>1</ItemStatus>
    </Item>
    <Item>
      <PriceUpdateDate>2024-11-18 15:50</PriceUpdateDate>
      <ItemCode>7290111347115</ItemCode>
      <ItemType>1</ItemType>
      <ItemName>לילי לבן מגה רול 18 גלילים</ItemName>
      <ManufacturerName>לא ידוע</ManufacturerName>
      <ManufactureCountry>לא ידוע</ManufactureCountry>
      <ManufacturerItemDescription>לילי לבן מגה רול 18 </ManufacturerItemDescription>
      <UnitQty>מטרים</UnitQty>
      <Quantity>465.00</Quantity>
      <bIsWeighted>0</bIsWeighted>
      <UnitOfMeasure>מטר</UnitOfMeasure>
      <QtyInPackage>1</QtyInPackage>
      <ItemPrice>43.90</ItemPrice>
      <UnitOfMeasurePrice>0.09</UnitOfMeasurePrice>
      <AllowDiscount>1</AllowDiscount>
      <ItemStatus>1</ItemStatus>
    </Item>
    <Item>
      <PriceUpdateDate>2025-02-27 09:52</PriceUpdateDate>
      <ItemCode>7290111347559</ItemCode>
      <ItemType>1</ItemType>
      <ItemName>MEGA מגבת נייר ניקול שישייה</ItemName>
      <ManufacturerName>לא ידוע</ManufacturerName>
      <ManufactureCountry>ישראל</ManufactureCountry>
      <ManufacturerItemDescription>MEGA מגבת נייר ניקול</ManufacturerItemDescription>
      <UnitQty>מטרים</UnitQty>
      <Quantity>88.80</Quantity>
      <bIsWeighted>0</bIsWeighted>
      <UnitOfMeasure>מטר</UnitOfMeasure>
      <QtyInPackage>1</QtyInPackage>
      <ItemPrice>23.90</ItemPrice>
      <UnitOfMeasurePrice>0.27</UnitOfMeasurePrice>
      <AllowDiscount>1</AllowDiscount>
      <ItemStatus>1</ItemStatus>
    </Item>
    <Item>
      <PriceUpdateDate>2025-02-27 09:51</PriceUpdateDate>
      <ItemCode>7290111347597</ItemCode>
      <ItemType>1</ItemType>
      <ItemName>לילי פסטל מגה רול 18 גלילים</ItemName>
      <ManufacturerName>לא ידוע</ManufacturerName>
      <ManufactureCountry>ישראל</ManufactureCountry>
      <ManufacturerItemDescription>לילי פסטל מגה רול 18</ManufacturerItemDescription>
      <UnitQty>מטרים</UnitQty>
      <Quantity>465.00</Quantity>
      <bIsWeighted>0</bIsWeighted>
      <UnitOfMeasure>מטר</UnitOfMeasure>
      <QtyInPackage>1</QtyInPackage>
      <ItemPrice>46.50</ItemPrice>
      <UnitOfMeasurePrice>0.10</UnitOfMeasurePrice>
      <AllowDiscount>1</AllowDiscount>
      <ItemStatus>1</ItemStatus>
    </Item>
    <Item>
      <PriceUpdateDate>2025-03-11 08:13</PriceUpdateDate>
      <ItemCode>7290111347825</ItemCode>
      <ItemType>1</ItemType>
      <ItemName>M כפפות ניטריל שחורות 80 יחידות</ItemName>
      <ManufacturerName>לא ידוע</ManufacturerName>
      <ManufactureCountry>הונגריה</ManufactureCountry>
      <ManufacturerItemDescription>M כפפות ניטריל שחורו</ManufacturerItemDescription>
      <UnitQty>Unknown</UnitQty>
      <Quantity>0.00</Quantity>
      <bIsWeighted>0</bIsWeighted>
      <UnitOfMeasure>Unknown</UnitOfMeasure>
      <QtyInPackage>1</QtyInPackage>
      <ItemPrice>35.90</ItemPrice>
      <UnitOfMeasurePrice>35.90</UnitOfMeasurePrice>
      <AllowDiscount>1</AllowDiscount>
      <ItemStatus>1</ItemStatus>
    </Item>
    <Item>
      <PriceUpdateDate>2024-07-17 08:33</PriceUpdateDate>
      <ItemCode>7290111350726</ItemCode>
      <ItemType>1</ItemType>
      <ItemName>חטיף נאצוס הוטפופ בסגנון מקסיקני 322 גר</ItemName>
      <ManufacturerName>לא ידוע</ManufacturerName>
      <ManufactureCountry>ארה"ב</ManufactureCountry>
      <ManufacturerItemDescription>חטיף נאצוס הוטפופ בס</ManufacturerItemDescription>
      <UnitQty>גרמים</UnitQty>
      <Quantity>322.00</Quantity>
      <bIsWeighted>0</bIsWeighted>
      <UnitOfMeasure>100 גרם</UnitOfMeasure>
      <QtyInPackage>1</QtyInPackage>
      <ItemPrice>21.90</ItemPrice>
      <UnitOfMeasurePrice>6.80</UnitOfMeasurePrice>
      <AllowDiscount>1</AllowDiscount>
      <ItemStatus>1</ItemStatus>
    </Item>
    <Item>
      <PriceUpdateDate>2025-09-16 12:36</PriceUpdateDate>
      <ItemCode>7290111350740</ItemCode>
      <ItemType>1</ItemType>
      <ItemName>חמישיה הוטפופ קידס 500 גרם</ItemName>
      <ManufacturerName>לא ידוע</ManufacturerName>
      <ManufactureCountry>ארה"ב</ManufactureCountry>
      <ManufacturerItemDescription>חמישיה הוטפופ קידס 5</ManufacturerItemDescription>
      <UnitQty>גרמים</UnitQty>
      <Quantity>500.00</Quantity>
      <bIsWeighted>0</bIsWeighted>
      <UnitOfMeasure>100 גרם</UnitOfMeasure>
      <QtyInPackage>1</QtyInPackage>
      <ItemPrice>19.90</ItemPrice>
      <UnitOfMeasurePrice>3.98</UnitOfMeasurePrice>
      <AllowDiscount>1</AllowDiscount>
      <ItemStatus>1</ItemStatus>
    </Item>
    <Item>
      <PriceUpdateDate>2025-02-27 10:00</PriceUpdateDate>
      <ItemCode>7290111353550</ItemCode>
      <ItemType>1</ItemType>
      <ItemName>חמאת בוטנים טבעית 300 גרם</ItemName>
      <ManufacturerName>לא ידוע</ManufacturerName>
      <ManufactureCountry>ישראל</ManufactureCountry>
      <ManufacturerItemDescription>חמאת בוטנים טבעית 30</ManufacturerItemDescription>
      <UnitQty>גרמים</UnitQty>
      <Quantity>300.00</Quantity>
      <bIsWeighted>0</bIsWeighted>
      <UnitOfMeasure>100 גרם</UnitOfMeasure>
      <QtyInPackage>1</QtyInPackage>
      <ItemPrice>21.90</ItemPrice>
      <UnitOfMeasurePrice>7.30</UnitOfMeasurePrice>
      <AllowDiscount>1</AllowDiscount>
      <ItemStatus>1</ItemStatus>
    </Item>
    <Item>
      <PriceUpdateDate>2025-03-11 15:22</PriceUpdateDate>
      <ItemCode>7290111355288</ItemCode>
      <ItemType>1</ItemType>
      <ItemName>סוכריות גלי יוגטה בטעם פירות 350 גר</ItemName>
      <ManufacturerName>לא ידוע</ManufacturerName>
      <ManufactureCountry>איטליה</ManufactureCountry>
      <ManufacturerItemDescription>סוכריות גלי יוגטה בט</ManufacturerItemDescription>
      <UnitQty>גרמים</UnitQty>
      <Quantity>350.00</Quantity>
      <bIsWeighted>0</bIsWeighted>
      <UnitOfMeasure>100 גרם</UnitOfMeasure>
      <QtyInPackage>1</QtyInPackage>
      <ItemPrice>17.50</ItemPrice>
      <UnitOfMeasurePrice>5.00</UnitOfMeasurePrice>
      <AllowDiscount>1</AllowDiscount>
      <ItemStatus>1</ItemStatus>
    </Item>
    <Item>
      <PriceUpdateDate>2024-08-26 15:11</PriceUpdateDate>
      <ItemCode>7290111355547</ItemCode>
      <ItemType>1</ItemType>
      <ItemName>דבש לחיץ 400 גרם</ItemName>
      <ManufacturerName>לא ידוע</ManufacturerName>
      <ManufactureCountry>לא ידוע</ManufactureCountry>
      <ManufacturerItemDescription>דבש לחיץ 400 גרם    </ManufacturerItemDescription>
      <UnitQty>גרמים</UnitQty>
      <Quantity>400.00</Quantity>
      <bIsWeighted>0</bIsWeighted>
      <UnitOfMeasure>100 גרם</UnitOfMeasure>
      <QtyInPackage>1</QtyInPackage>
      <ItemPrice>26.90</ItemPrice>
      <UnitOfMeasurePrice>6.73</UnitOfMeasurePrice>
      <AllowDiscount>1</AllowDiscount>
      <ItemStatus>1</ItemStatus>
    </Item>
    <Item>
      <PriceUpdateDate>2025-03-11 15:21</PriceUpdateDate>
      <ItemCode>7290111355929</ItemCode>
      <ItemType>1</ItemType>
      <ItemName>בראוניס שוקולד 200גרם</ItemName>
      <ManufacturerName>לא ידוע</ManufacturerName>
      <ManufactureCountry>לא ידוע</ManufactureCountry>
      <ManufacturerItemDescription>בראוניס שוקולד 200גר</ManufacturerItemDescription>
      <UnitQty>גרמים</UnitQty>
      <Quantity>200.00</Quantity>
      <bIsWeighted>0</bIsWeighted>
      <UnitOfMeasure>100 גרם</UnitOfMeasure>
      <QtyInPackage>1</QtyInPackage>
      <ItemPrice>16.50</ItemPrice>
      <UnitOfMeasurePrice>8.25</UnitOfMeasurePrice>
      <AllowDiscount>1</AllowDiscount>
      <ItemStatus>1</ItemStatus>
    </Item>
    <Item>
      <PriceUpdateDate>2025-02-24 11:10</PriceUpdateDate>
      <ItemCode>7290111355943</ItemCode>
      <ItemType>1</ItemType>
      <ItemName>בראוניס שוקציפס 200גרם</ItemName>
      <ManufacturerName>לא ידוע</ManufacturerName>
      <ManufactureCountry>לא ידוע</ManufactureCountry>
      <ManufacturerItemDescription>בראוניס שוקציפס 200ג</ManufacturerItemDescription>
      <UnitQty>גרמים</UnitQty>
      <Quantity>200.00</Quantity>
      <bIsWeighted>0</bIsWeighted>
      <UnitOfMeasure>100 גרם</UnitOfMeasure>
      <QtyInPackage>1</QtyInPackage>
      <ItemPrice>16.50</ItemPrice>
      <UnitOfMeasurePrice>8.25</UnitOfMeasurePrice>
      <AllowDiscount>1</AllowDiscount>
      <ItemStatus>1</ItemStatus>
    </Item>
    <Item>
      <PriceUpdateDate>2025-02-24 11:10</PriceUpdateDate>
      <ItemCode>7290111356353</ItemCode>
      <ItemType>1</ItemType>
      <ItemName>יוגטה מקלות ממולאות מסוכרות בטעמי פירות</ItemName>
      <ManufacturerName>לא ידוע</ManufacturerName>
      <ManufactureCountry />
      <ManufacturerItemDescription>יוגטה מקלות ממולאות </ManufacturerItemDescription>
      <UnitQty>גרמים</UnitQty>
      <Quantity>220.00</Quantity>
      <bIsWeighted>0</bIsWeighted>
      <UnitOfMeasure>100 גרם</UnitOfMeasure>
      <QtyInPackage>1</QtyInPackage>
      <ItemPrice>10.50</ItemPrice>
      <UnitOfMeasurePrice>4.77</UnitOfMeasurePrice>
      <AllowDiscount>1</AllowDiscount>
      <ItemStatus>1</ItemStatus>
    </Item>
    <Item>
      <PriceUpdateDate>2025-03-11 15:22</PriceUpdateDate>
      <ItemCode>7290111357367</ItemCode>
      <ItemType>1</ItemType>
      <ItemName>יוגטה שטיחים בטעם תותי פרוטי 220 גר</ItemName>
      <ManufacturerName>לא ידוע</ManufacturerName>
      <ManufactureCountry>לא ידוע</ManufactureCountry>
      <ManufacturerItemDescription>יוגטה שטיחים בטעם תו</ManufacturerItemDescription>
      <UnitQty>גרמים</UnitQty>
      <Quantity>220.00</Quantity>
      <bIsWeighted>0</bIsWeighted>
      <UnitOfMeasure>100 גרם</UnitOfMeasure>
      <QtyInPackage>1</QtyInPackage>
      <ItemPrice>10.50</ItemPrice>
      <UnitOfMeasurePrice>4.77</UnitOfMeasurePrice>
      <AllowDiscount>1</AllowDiscount>
      <ItemStatus>1</ItemStatus>
    </Item>
    <Item>
      <PriceUpdateDate>2025-07-22 12:51</PriceUpdateDate>
      <ItemCode>7290111357886</ItemCode>
      <ItemType>1</ItemType>
      <ItemName>יוגטה סוכריות גומי פאסט פוד 150 גרם</ItemName>
      <ManufacturerName>לא ידוע</ManufacturerName>
      <ManufactureCountry />
      <ManufacturerItemDescription>יוגטה סוכריות גומי פ</ManufacturerItemDescription>
      <UnitQty>גרמים</UnitQty>
      <Quantity>150.00</Quantity>
      <bIsWeighted>0</bIsWeighted>
      <UnitOfMeasure>100 גרם</UnitOfMeasure>
      <QtyInPackage>1</QtyInPackage>
      <ItemPrice>15.90</ItemPrice>
      <UnitOfMeasurePrice>10.60</UnitOfMeasurePrice>
      <AllowDiscount>1</AllowDiscount>
      <ItemStatus>1</ItemStatus>
    </Item>
    <Item>
      <PriceUpdateDate>2025-04-23 13:08</PriceUpdateDate>
      <ItemCode>7290111357916</ItemCode>
      <ItemType>1</ItemType>
      <ItemName>מרשמלו יוגטה 150 גרם</ItemName>
      <ManufacturerName>לא ידוע</ManufacturerName>
      <ManufactureCountry>טורקיה</ManufactureCountry>
      <ManufacturerItemDescription>מרשמלו יוגטה 150 גרם</ManufacturerItemDescription>
      <UnitQty>גרמים</UnitQty>
      <Quantity>150.00</Quantity>
      <bIsWeighted>0</bIsWeighted>
      <UnitOfMeasure>100 גרם</UnitOfMeasure>
      <QtyInPackage>1</QtyInPackage>
      <ItemPrice>12.10</ItemPrice>
      <UnitOfMeasurePrice>8.07</UnitOfMeasurePrice>
      <AllowDiscount>1</AllowDiscount>
      <ItemStatus>1</ItemStatus>
    </Item>
    <Item>
      <PriceUpdateDate>2025-10-06 08:06</PriceUpdateDate>
      <ItemCode>7290111358210</ItemCode>
      <ItemType>1</ItemType>
      <ItemName>מארז לואקר המיטב 176 גרם</ItemName>
      <ManufacturerName>לא ידוע</ManufacturerName>
      <ManufactureCountry>IT</ManufactureCountry>
      <ManufacturerItemDescription>מארז לואקר המיטב    </ManufacturerItemDescription>
      <UnitQty>גרמים</UnitQty>
      <Quantity>176.00</Quantity>
      <bIsWeighted>0</bIsWeighted>
      <UnitOfMeasure>100 גרם</UnitOfMeasure>
      <QtyInPackage>1</QtyInPackage>
      <ItemPrice>31.90</ItemPrice>
      <UnitOfMeasurePrice>18.13</UnitOfMeasurePrice>
      <AllowDiscount>1</AllowDiscount>
      <ItemStatus>1</ItemStatus>
    </Item>
    <Item>
      <PriceUpdateDate>2025-01-29 07:03</PriceUpdateDate>
      <ItemCode>7290111564277</ItemCode>
      <ItemType>1</ItemType>
      <ItemName>פריכיות פיטנס שלושה דגנים דקות 120 גר</ItemName>
      <ManufacturerName>לא ידוע</ManufacturerName>
      <ManufactureCountry />
      <ManufacturerItemDescription>פריכיות פיטנס שלושה </ManufacturerItemDescription>
      <UnitQty>גרמים</UnitQty>
      <Quantity>120.00</Quantity>
      <bIsWeighted>0</bIsWeighted>
      <UnitOfMeasure>100 גרם</UnitOfMeasure>
      <QtyInPackage>1</QtyInPackage>
      <ItemPrice>16.60</ItemPrice>
      <UnitOfMeasurePrice>13.83</UnitOfMeasurePrice>
      <AllowDiscount>1</AllowDiscount>
      <ItemStatus>1</ItemStatus>
    </Item>
    <Item>
      <PriceUpdateDate>2025-01-29 07:03</PriceUpdateDate>
      <ItemCode>7290111564291</ItemCode>
      <ItemType>1</ItemType>
      <ItemName>פריכיות פיטנס דקות עם קינואה 120 גר</ItemName>
      <ManufacturerName>לא ידוע</ManufacturerName>
      <ManufactureCountry />
      <ManufacturerItemDescription>פריכיות פיטנס דקות ע</ManufacturerItemDescription>
      <UnitQty>גרמים</UnitQty>
      <Quantity>120.00</Quantity>
      <bIsWeighted>0</bIsWeighted>
      <UnitOfMeasure>100 גרם</UnitOfMeasure>
      <QtyInPackage>1</QtyInPackage>
      <ItemPrice>16.60</ItemPrice>
      <UnitOfMeasurePrice>13.83</UnitOfMeasurePrice>
      <AllowDiscount>1</AllowDiscount>
      <ItemStatus>1</ItemStatus>
    </Item>
    <Item>
      <PriceUpdateDate>2025-06-06 05:56</PriceUpdateDate>
      <ItemCode>7290111565656</ItemCode>
      <ItemType>1</ItemType>
      <ItemName>במבה נוגט 150 גרם</ItemName>
      <ManufacturerName>לא ידוע</ManufacturerName>
      <ManufactureCountry>לא ידוע</ManufactureCountry>
      <ManufacturerItemDescription>במבה נוגט 150 גרם   </ManufacturerItemDescription>
      <UnitQty>גרמים</UnitQty>
      <Quantity>150.00</Quantity>
      <bIsWeighted>0</bIsWeighted>
      <UnitOfMeasure>100 גרם</UnitOfMeasure>
      <QtyInPackage>1</QtyInPackage>
      <ItemPrice>14.50</ItemPrice>
      <UnitOfMeasurePrice>9.67</UnitOfMeasurePrice>
      <AllowDiscount>1</AllowDiscount>
      <ItemStatus>1</ItemStatus>
    </Item>
    <Item>
      <PriceUpdateDate>2025-01-29 07:03</PriceUpdateDate>
      <ItemCode>7290111566271</ItemCode>
      <ItemType>1</ItemType>
      <ItemName>חטיפי תירס טבעול 657 גר</ItemName>
      <ManufacturerName>לא ידוע</ManufacturerName>
      <ManufactureCountry>לא ידוע</ManufactureCountry>
      <ManufacturerItemDescription>חטיפי תירס טבעול 657</ManufacturerItemDescription>
      <UnitQty>גרמים</UnitQty>
      <Quantity>657.00</Quantity>
      <bIsWeighted>0</bIsWeighted>
      <UnitOfMeasure>100 גרם</UnitOfMeasure>
      <QtyInPackage>1</QtyInPackage>
      <ItemPrice>43.90</ItemPrice>
      <UnitOfMeasurePrice>6.68</UnitOfMeasurePrice>
      <AllowDiscount>1</AllowDiscount>
      <ItemStatus>1</ItemStatus>
    </Item>
    <Item>
      <PriceUpdateDate>2025-01-29 07:03</PriceUpdateDate>
      <ItemCode>7290111566318</ItemCode>
      <ItemType>1</ItemType>
      <ItemName>שניצל דק טבעול 564 גר</ItemName>
      <ManufacturerName>לא ידוע</ManufacturerName>
      <ManufactureCountry>לא ידוע</ManufactureCountry>
      <ManufacturerItemDescription>שניצל דק טבעול 564 ג</ManufacturerItemDescription>
      <UnitQty>גרמים</UnitQty>
      <Quantity>564.00</Quantity>
      <bIsWeighted>0</bIsWeighted>
      <UnitOfMeasure>100 גרם</UnitOfMeasure>
      <QtyInPackage>1</QtyInPackage>
      <ItemPrice>44.90</ItemPrice>
      <UnitOfMeasurePrice>7.96</UnitOfMeasurePrice>
      <AllowDiscount>1</AllowDiscount>
      <ItemStatus>1</ItemStatus>
    </Item>
    <Item>
      <PriceUpdateDate>2025-01-29 07:03</PriceUpdateDate>
      <ItemCode>7290111566752</ItemCode>
      <ItemType>1</ItemType>
      <ItemName>שניצל תירס 99 קלוריות טבעול 693 גר</ItemName>
      <ManufacturerName>לא ידוע</ManufacturerName>
      <ManufactureCountry>לא ידוע</ManufactureCountry>
      <ManufacturerItemDescription>שניצל תירס 99 קלוריו</ManufacturerItemDescription>
      <UnitQty>גרמים</UnitQty>
      <Quantity>693.00</Quantity>
      <bIsWeighted>0</bIsWeighted>
      <UnitOfMeasure>100 גרם</UnitOfMeasure>
      <QtyInPackage>1</QtyInPackage>
      <ItemPrice>44.90</ItemPrice>
      <UnitOfMeasurePrice>6.48</UnitOfMeasurePrice>
      <AllowDiscount>1</AllowDiscount>
      <ItemStatus>1</ItemStatus>
    </Item>
    <Item>
      <PriceUpdateDate>2025-06-06 05:57</PriceUpdateDate>
      <ItemCode>7290111568206</ItemCode>
      <ItemType>1</ItemType>
      <ItemName>ביסלי פארטי מיקס 150 גרם</ItemName>
      <ManufacturerName>לא ידוע</ManufacturerName>
      <ManufactureCountry>לא ידוע</ManufactureCountry>
      <ManufacturerItemDescription>ביסלי פארטי מיקס 150</ManufacturerItemDescription>
      <UnitQty>גרמים</UnitQty>
      <Quantity>150.00</Quantity>
      <bIsWeighted>0</bIsWeighted>
      <UnitOfMeasure>100 גרם</UnitOfMeasure>
      <QtyInPackage>1</QtyInPackage>
      <ItemPrice>10.90</ItemPrice>
      <UnitOfMeasurePrice>7.27</UnitOfMeasurePrice>
      <AllowDiscount>1</AllowDiscount>
      <ItemStatus>1</ItemStatus>
    </Item>
    <Item>
      <PriceUpdateDate>2024-06-22 17:40</PriceUpdateDate>
      <ItemCode>7290111873409</ItemCode>
      <ItemType>1</ItemType>
      <ItemName>נרות מטה כוכבים  מינ</ItemName>
      <ManufacturerName>לא ידוע</ManufacturerName>
      <ManufactureCountry>סין</ManufactureCountry>
      <ManufacturerItemDescription>נרות מטה כוכבים  מינ</ManufacturerItemDescription>
      <UnitQty>Unknown</UnitQty>
      <Quantity>1.00</Quantity>
      <bIsWeighted>0</bIsWeighted>
      <UnitOfMeasure>Unknown</UnitOfMeasure>
      <QtyInPackage>10</QtyInPackage>
      <ItemPrice>7.60</ItemPrice>
      <UnitOfMeasurePrice>7.60</UnitOfMeasurePrice>
      <AllowDiscount>1</AllowDiscount>
      <ItemStatus>1</ItemStatus>
    </Item>
    <Item>
      <PriceUpdateDate>2024-11-25 13:34</PriceUpdateDate>
      <ItemCode>7290111930911</ItemCode>
      <ItemType>1</ItemType>
      <ItemName>חטיף פוף לבבות קלאסי 40 גרם</ItemName>
      <ManufacturerName>לא ידוע</ManufacturerName>
      <ManufactureCountry>לא ידוע</ManufactureCountry>
      <ManufacturerItemDescription>חטיף פוף לבבות קלאסי</ManufacturerItemDescription>
      <UnitQty>גרמים</UnitQty>
      <Quantity>40.00</Quantity>
      <bIsWeighted>0</bIsWeighted>
      <UnitOfMeasure>100 גרם</UnitOfMeasure>
      <QtyInPackage>1</QtyInPackage>
      <ItemPrice>5.10</ItemPrice>
      <UnitOfMeasurePrice>12.75</UnitOfMeasurePrice>
      <AllowDiscount>1</AllowDiscount>
      <ItemStatus>1</ItemStatus>
    </Item>
    <Item>
      <PriceUpdateDate>2024-11-25 13:29</PriceUpdateDate>
      <ItemCode>7290111930928</ItemCode>
      <ItemType>1</ItemType>
      <ItemName>חטיף פוף לבבות גריל 40 גרם</ItemName>
      <ManufacturerName>לא ידוע</ManufacturerName>
      <ManufactureCountry>לא ידוע</ManufactureCountry>
      <ManufacturerItemDescription>חטיף פוף לבבות גריל </ManufacturerItemDescription>
      <UnitQty>גרמים</UnitQty>
      <Quantity>40.00</Quantity>
      <bIsWeighted>0</bIsWeighted>
      <UnitOfMeasure>100 גרם</UnitOfMeasure>
      <QtyInPackage>1</QtyInPackage>
      <ItemPrice>5.10</ItemPrice>
      <UnitOfMeasurePrice>12.75</UnitOfMeasurePrice>
      <AllowDiscount>1</AllowDiscount>
      <ItemStatus>1</ItemStatus>
    </Item>
    <Item>
      <PriceUpdateDate>2024-11-25 13:31</PriceUpdateDate>
      <ItemCode>7290111930935</ItemCode>
      <ItemType>1</ItemType>
      <ItemName>חטיף פוף טבעות קלאסי 40 גרם</ItemName>
      <ManufacturerName>לא ידוע</ManufacturerName>
      <ManufactureCountry>לא ידוע</ManufactureCountry>
      <ManufacturerItemDescription>חטיף פוף טבעות קלאסי</ManufacturerItemDescription>
      <UnitQty>גרמים</UnitQty>
      <Quantity>40.00</Quantity>
      <bIsWeighted>0</bIsWeighted>
      <UnitOfMeasure>100 גרם</UnitOfMeasure>
      <QtyInPackage>1</QtyInPackage>
      <ItemPrice>5.10</ItemPrice>
      <UnitOfMeasurePrice>12.75</UnitOfMeasurePrice>
      <AllowDiscount>1</AllowDiscount>
      <ItemStatus>1</ItemStatus>
    </Item>
    <Item>
      <PriceUpdateDate>2025-10-19 15:18</PriceUpdateDate>
      <ItemCode>7290111933462</ItemCode>
      <ItemType>1</ItemType>
      <ItemName>רוטב צילי מתוק מאסטר שף 300 מ"ל</ItemName>
      <ManufacturerName>לא ידוע</ManufacturerName>
      <ManufactureCountry>לא ידוע</ManufactureCountry>
      <ManufacturerItemDescription>רוטב צילי מתוק מאסטר</ManufacturerItemDescription>
      <UnitQty>מיליליטרים</UnitQty>
      <Quantity>300.00</Quantity>
      <bIsWeighted>0</bIsWeighted>
      <UnitOfMeasure>100 מ"ל</UnitOfMeasure>
      <QtyInPackage>1</QtyInPackage>
      <ItemPrice>14.90</ItemPrice>
      <UnitOfMeasurePrice>4.97</UnitOfMeasurePrice>
      <AllowDiscount>1</AllowDiscount>
      <ItemStatus>1</ItemStatus>
    </Item>
    <Item>
      <PriceUpdateDate>2025-03-06 18:44</PriceUpdateDate>
      <ItemCode>7290111933554</ItemCode>
      <ItemType>1</ItemType>
      <ItemName>מנה עגבניות קוביות שלישיה 400 גר מ.שף</ItemName>
      <ManufacturerName>לא ידוע</ManufacturerName>
      <ManufactureCountry>איטליה</ManufactureCountry>
      <ManufacturerItemDescription>מנה עגבניות קוביות ש</ManufacturerItemDescription>
      <UnitQty>קילוגרמים</UnitQty>
      <Quantity>0.00</Quantity>
      <bIsWeighted>0</bIsWeighted>
      <UnitOfMeasure>ק"ג</UnitOfMeasure>
      <QtyInPackage>1</QtyInPackage>
      <ItemPrice>25.90</ItemPrice>
      <UnitOfMeasurePrice>25.90</UnitOfMeasurePrice>
      <AllowDiscount>1</AllowDiscount>
      <ItemStatus>1</ItemStatus>
    </Item>
    <Item>
      <PriceUpdateDate>2025-03-25 07:06</PriceUpdateDate>
      <ItemCode>7290112005045</ItemCode>
      <ItemType>1</ItemType>
      <ItemName>וניש אבקת כביסה לבנה 480 גרם</ItemName>
      <ManufacturerName>לא ידוע</ManufacturerName>
      <ManufactureCountry>איטליה</ManufactureCountry>
      <ManufacturerItemDescription>וניש אבקת כביסה לבנה</ManufacturerItemDescription>
      <UnitQty>יחידה</UnitQty>
      <Quantity>1.00</Quantity>
      <bIsWeighted>0</bIsWeighted>
      <UnitOfMeasure>יחידה</UnitOfMeasure>
      <QtyInPackage>1</QtyInPackage>
      <ItemPrice>23.90</ItemPrice>
      <UnitOfMeasurePrice>23.90</UnitOfMeasurePrice>
      <AllowDiscount>1</AllowDiscount>
      <ItemStatus>1</ItemStatus>
    </Item>
    <Item>
      <PriceUpdateDate>2024-05-20 09:08</PriceUpdateDate>
      <ItemCode>7290112005946</ItemCode>
      <ItemType>1</ItemType>
      <ItemName>פיניש טבליות פאוור בניחוח 40 יחידות</ItemName>
      <ManufacturerName>לא ידוע</ManufacturerName>
      <ManufactureCountry />
      <ManufacturerItemDescription>פיניש טבליות פאוור ב</ManufacturerItemDescription>
      <UnitQty>Unknown</UnitQty>
      <Quantity>0.00</Quantity>
      <bIsWeighted>0</bIsWeighted>
      <UnitOfMeasure>Unknown</UnitOfMeasure>
      <QtyInPackage>1</QtyInPackage>
      <ItemPrice>46.90</ItemPrice>
      <UnitOfMeasurePrice>46.90</UnitOfMeasurePrice>
      <AllowDiscount>1</AllowDiscount>
      <ItemStatus>1</ItemStatus>
    </Item>
    <Item>
      <PriceUpdateDate>2025-08-31 14:44</PriceUpdateDate>
      <ItemCode>7290112330352</ItemCode>
      <ItemType>1</ItemType>
      <ItemName>דנונה פרו וניל 20 גרם חלבון 0% 200 גר</ItemName>
      <ManufacturerName>לא ידוע</ManufacturerName>
      <ManufactureCountry>ישראל</ManufactureCountry>
      <ManufacturerItemDescription>דנונה פרו וניל 20 גר</ManufacturerItemDescription>
      <UnitQty>גרמים</UnitQty>
      <Quantity>200.00</Quantity>
      <bIsWeighted>0</bIsWeighted>
      <UnitOfMeasure>100 גרם</UnitOfMeasure>
      <QtyInPackage>1</QtyInPackage>
      <ItemPrice>7.00</ItemPrice>
      <UnitOfMeasurePrice>3.50</UnitOfMeasurePrice>
      <AllowDiscount>1</AllowDiscount>
      <ItemStatus>1</ItemStatus>
    </Item>
    <Item>
      <PriceUpdateDate>2025-08-31 14:44</PriceUpdateDate>
      <ItemCode>7290112330390</ItemCode>
      <ItemType>1</ItemType>
      <ItemName>דנונה פרו פירות יער 20 גרם חלבון 0% 200ג</ItemName>
      <ManufacturerName>לא ידוע</ManufacturerName>
      <ManufactureCountry>ישראל</ManufactureCountry>
      <ManufacturerItemDescription>דנונה פרו פירות יער </ManufacturerItemDescription>
      <UnitQty>גרמים</UnitQty>
      <Quantity>200.00</Quantity>
      <bIsWeighted>0</bIsWeighted>
      <UnitOfMeasure>100 גרם</UnitOfMeasure>
      <QtyInPackage>1</QtyInPackage>
      <ItemPrice>7.00</ItemPrice>
      <UnitOfMeasurePrice>3.50</UnitOfMeasurePrice>
      <AllowDiscount>1</AllowDiscount>
      <ItemStatus>1</ItemStatus>
    </Item>
    <Item>
      <PriceUpdateDate>2023-01-03 23:50</PriceUpdateDate>
      <ItemCode>7290112335500</ItemCode>
      <ItemType>1</ItemType>
      <ItemName>פריכיות הטעימות חלבון אנרגי 135 גר</ItemName>
      <ManufacturerName>לא ידוע</ManufacturerName>
      <ManufactureCountry>ישראל</ManufactureCountry>
      <ManufacturerItemDescription>פריכיות הטעימות חלבו</ManufacturerItemDescription>
      <UnitQty>גרמים</UnitQty>
      <Quantity>135.00</Quantity>
      <bIsWeighted>0</bIsWeighted>
      <UnitOfMeasure>100 גרם</UnitOfMeasure>
      <QtyInPackage>1</QtyInPackage>
      <ItemPrice>13.90</ItemPrice>
      <UnitOfMeasurePrice>10.30</UnitOfMeasurePrice>
      <AllowDiscount>1</AllowDiscount>
      <ItemStatus>1</ItemStatus>
    </Item>
    <Item>
      <PriceUpdateDate>2025-08-13 14:50</PriceUpdateDate>
      <ItemCode>7290112336613</ItemCode>
      <ItemType>1</ItemType>
      <ItemName>עד חצות עוגיות סנדוויץ שוקולד חלב 135 גר</ItemName>
      <ManufacturerName>לא ידוע</ManufacturerName>
      <ManufactureCountry>צרפת</ManufactureCountry>
      <ManufacturerItemDescription>עד חצות עוגיות סנדוו</ManufacturerItemDescription>
      <UnitQty>גרמים</UnitQty>
      <Quantity>135.00</Quantity>
      <bIsWeighted>0</bIsWeighted>
      <UnitOfMeasure>100 גרם</UnitOfMeasure>
      <QtyInPackage>1</QtyInPackage>
      <ItemPrice>19.50</ItemPrice>
      <UnitOfMeasurePrice>14.44</UnitOfMeasurePrice>
      <AllowDiscount>1</AllowDiscount>
      <ItemStatus>1</ItemStatus>
    </Item>
    <Item>
      <PriceUpdateDate>2025-08-31 14:44</PriceUpdateDate>
      <ItemCode>7290112336712</ItemCode>
      <ItemType>1</ItemType>
      <ItemName>דנונה פרו 21 גרם חלבון 0% 200 גר</ItemName>
      <ManufacturerName>לא ידוע</ManufacturerName>
      <ManufactureCountry>ישראל</ManufactureCountry>
      <ManufacturerItemDescription>דנונה פרו 21 גרם חלב</ManufacturerItemDescription>
      <UnitQty>גרמים</UnitQty>
      <Quantity>200.00</Quantity>
      <bIsWeighted>0</bIsWeighted>
      <UnitOfMeasure>100 גרם</UnitOfMeasure>
      <QtyInPackage>1</QtyInPackage>
      <ItemPrice>7.00</ItemPrice>
      <UnitOfMeasurePrice>3.50</UnitOfMeasurePrice>
      <AllowDiscount>1</AllowDiscount>
      <ItemStatus>1</ItemStatus>
    </Item>
    <Item>
      <PriceUpdateDate>2025-03-11 15:19</PriceUpdateDate>
      <ItemCode>7290112337474</ItemCode>
      <ItemType>1</ItemType>
      <ItemName>סוכריות מאסט לל"ס פטל לימון 80 גר</ItemName>
      <ManufacturerName>לא ידוע</ManufacturerName>
      <ManufactureCountry>פולין</ManufactureCountry>
      <ManufacturerItemDescription>סוכריות מאסט לל"ס פט</ManufacturerItemDescription>
      <UnitQty>גרמים</UnitQty>
      <Quantity>80.00</Quantity>
      <bIsWeighted>0</bIsWeighted>
      <UnitOfMeasure>100 גרם</UnitOfMeasure>
      <QtyInPackage>1</QtyInPackage>
      <ItemPrice>13.50</ItemPrice>
      <UnitOfMeasurePrice>16.88</UnitOfMeasurePrice>
      <AllowDiscount>1</AllowDiscount>
      <ItemStatus>1</ItemStatus>
    </Item>
    <Item>
      <PriceUpdateDate>2025-01-14 08:32</PriceUpdateDate>
      <ItemCode>7290112339867</ItemCode>
      <ItemType>1</ItemType>
      <ItemName>גמדים סקוויז תות 100 גר</ItemName>
      <ManufacturerName>לא ידוע</ManufacturerName>
      <ManufactureCountry>ישראל</ManufactureCountry>
      <ManufacturerItemDescription>גמדים סקוויז תות 100</ManufacturerItemDescription>
      <UnitQty>גרמים</UnitQty>
      <Quantity>100.00</Quantity>
      <bIsWeighted>0</bIsWeighted>
      <UnitOfMeasure>100 גרם</UnitOfMeasure>
      <QtyInPackage>1</QtyInPackage>
      <ItemPrice>6.70</ItemPrice>
      <UnitOfMeasurePrice>6.70</UnitOfMeasurePrice>
      <AllowDiscount>1</AllowDiscount>
      <ItemStatus>1</ItemStatus>
    </Item>
    <Item>
      <PriceUpdateDate>2025-01-14 08:32</PriceUpdateDate>
      <ItemCode>7290112339874</ItemCode>
      <ItemType>1</ItemType>
      <ItemName>גמדים סקוויז תות בננה 100 גר</ItemName>
      <ManufacturerName>לא ידוע</ManufacturerName>
      <ManufactureCountry>ישראל</ManufactureCountry>
      <ManufacturerItemDescription>גמדים סקוויז תות    </ManufacturerItemDescription>
      <UnitQty>גרמים</UnitQty>
      <Quantity>100.00</Quantity>
      <bIsWeighted>0</bIsWeighted>
      <UnitOfMeasure>100 גרם</UnitOfMeasure>
      <QtyInPackage>1</QtyInPackage>
      <ItemPrice>6.70</ItemPrice>
      <UnitOfMeasurePrice>6.70</UnitOfMeasurePrice>
      <AllowDiscount>1</AllowDiscount>
      <ItemStatus>1</ItemStatus>
    </Item>
    <Item>
      <PriceUpdateDate>2023-01-03 23:50</PriceUpdateDate>
      <ItemCode>7290112340122</ItemCode>
      <ItemType>1</ItemType>
      <ItemName>פריכיות טעימות 3 דגנים אנרגי 135 גר</ItemName>
      <ManufacturerName>לא ידוע</ManufacturerName>
      <ManufactureCountry>ישראל</ManufactureCountry>
      <ManufacturerItemDescription>פריכיות טעימות 3 דגנ</ManufacturerItemDescription>
      <UnitQty>גרמים</UnitQty>
      <Quantity>135.00</Quantity>
      <bIsWeighted>0</bIsWeighted>
      <UnitOfMeasure>100 גרם</UnitOfMeasure>
      <QtyInPackage>1</QtyInPackage>
      <ItemPrice>13.90</ItemPrice>
      <UnitOfMeasurePrice>10.30</UnitOfMeasurePrice>
      <AllowDiscount>1</AllowDiscount>
      <ItemStatus>1</ItemStatus>
    </Item>
    <Item>
      <PriceUpdateDate>2025-01-14 08:32</PriceUpdateDate>
      <ItemCode>7290112341679</ItemCode>
      <ItemType>1</ItemType>
      <ItemName>יוגורט אקטיביה  3% 200 גר</ItemName>
      <ManufacturerName>לא ידוע</ManufacturerName>
      <ManufactureCountry>ישראל</ManufactureCountry>
      <ManufacturerItemDescription>יוגורט אקטיביה  3% 2</ManufacturerItemDescription>
      <UnitQty>גרמים</UnitQty>
      <Quantity>200.00</Quantity>
      <bIsWeighted>0</bIsWeighted>
      <UnitOfMeasure>100 גרם</UnitOfMeasure>
      <QtyInPackage>1</QtyInPackage>
      <ItemPrice>5.20</ItemPrice>
      <UnitOfMeasurePrice>2.60</UnitOfMeasurePrice>
      <AllowDiscount>1</AllowDiscount>
      <ItemStatus>1</ItemStatus>
    </Item>
    <Item>
      <PriceUpdateDate>2025-08-13 14:50</PriceUpdateDate>
      <ItemCode>7290112342102</ItemCode>
      <ItemType>1</ItemType>
      <ItemName>סימפוניה שום שמיר 5% 200 גר</ItemName>
      <ManufacturerName>לא ידוע</ManufacturerName>
      <ManufactureCountry>לא ידוע</ManufactureCountry>
      <ManufacturerItemDescription>סימפוניה בצל מקורמל </ManufacturerItemDescription>
      <UnitQty>גרמים</UnitQty>
      <Quantity>200.00</Quantity>
      <bIsWeighted>0</bIsWeighted>
      <UnitOfMeasure>100 גרם</UnitOfMeasure>
      <QtyInPackage>1</QtyInPackage>
      <ItemPrice>13.30</ItemPrice>
      <UnitOfMeasurePrice>6.65</UnitOfMeasurePrice>
      <AllowDiscount>1</AllowDiscount>
      <ItemStatus>1</ItemStatus>
    </Item>
    <Item>
      <PriceUpdateDate>2024-02-04 10:56</PriceUpdateDate>
      <ItemCode>7290112343499</ItemCode>
      <ItemType>1</ItemType>
      <ItemName>ציטוס 55 גרם 48 יחידות  puffs</ItemName>
      <ManufacturerName>לא ידוע</ManufacturerName>
      <ManufactureCountry />
      <ManufacturerItemDescription>ציטוס 55 גרם 48 יחיד</ManufacturerItemDescription>
      <UnitQty>גרמים</UnitQty>
      <Quantity>55.00</Quantity>
      <bIsWeighted>0</bIsWeighted>
      <UnitOfMeasure>100 גרם</UnitOfMeasure>
      <QtyInPackage>1</QtyInPackage>
      <ItemPrice>5.50</ItemPrice>
      <UnitOfMeasurePrice>10.00</UnitOfMeasurePrice>
      <AllowDiscount>1</AllowDiscount>
      <ItemStatus>1</ItemStatus>
    </Item>
    <Item>
      <PriceUpdateDate>2025-01-29 07:05</PriceUpdateDate>
      <ItemCode>7290112343512</ItemCode>
      <ItemType>1</ItemType>
      <ItemName>ציטוס  160 גרם 9 יחידות puffs</ItemName>
      <ManufacturerName>לא ידוע</ManufacturerName>
      <ManufactureCountry />
      <ManufacturerItemDescription>ציטוס  160 גרם 9 יחי</ManufacturerItemDescription>
      <UnitQty>גרמים</UnitQty>
      <Quantity>160.00</Quantity>
      <bIsWeighted>0</bIsWeighted>
      <UnitOfMeasure>100 גרם</UnitOfMeasure>
      <QtyInPackage>1</QtyInPackage>
      <ItemPrice>11.90</ItemPrice>
      <UnitOfMeasurePrice>7.44</UnitOfMeasurePrice>
      <AllowDiscount>1</AllowDiscount>
      <ItemStatus>1</ItemStatus>
    </Item>
    <Item>
      <PriceUpdateDate>2025-01-13 17:40</PriceUpdateDate>
      <ItemCode>7290112346087</ItemCode>
      <ItemType>1</ItemType>
      <ItemName>חטיף ציטוס קראנצ שמנת בצל 80 גר</ItemName>
      <ManufacturerName>לא ידוע</ManufacturerName>
      <ManufactureCountry>ישראל</ManufactureCountry>
      <ManufacturerItemDescription>חטיף ציטוס קראנצ שמנ</ManufacturerItemDescription>
      <UnitQty>גרמים</UnitQty>
      <Quantity>80.00</Quantity>
      <bIsWeighted>0</bIsWeighted>
      <UnitOfMeasure>100 גרם</UnitOfMeasure>
      <QtyInPackage>1</QtyInPackage>
      <ItemPrice>5.90</ItemPrice>
      <UnitOfMeasurePrice>7.38</UnitOfMeasurePrice>
      <AllowDiscount>1</AllowDiscount>
      <ItemStatus>1</ItemStatus>
    </Item>
    <Item>
      <PriceUpdateDate>2025-01-14 08:31</PriceUpdateDate>
      <ItemCode>7290112347008</ItemCode>
      <ItemType>1</ItemType>
      <ItemName>גמדים סקוויז תות בננה 100 גר</ItemName>
      <ManufacturerName>לא ידוע</ManufacturerName>
      <ManufactureCountry>ישראל</ManufactureCountry>
      <ManufacturerItemDescription>גמדים סקוויז תות בננ</ManufacturerItemDescription>
      <UnitQty>גרמים</UnitQty>
      <Quantity>100.00</Quantity>
      <bIsWeighted>0</bIsWeighted>
      <UnitOfMeasure>100 גרם</UnitOfMeasure>
      <QtyInPackage>1</QtyInPackage>
      <ItemPrice>6.70</ItemPrice>
      <UnitOfMeasurePrice>6.70</UnitOfMeasurePrice>
      <AllowDiscount>1</AllowDiscount>
      <ItemStatus>1</ItemStatus>
    </Item>
    <Item>
      <PriceUpdateDate>2025-03-11 15:19</PriceUpdateDate>
      <ItemCode>7290112348142</ItemCode>
      <ItemType>1</ItemType>
      <ItemName>שעועית לבנה טעם הטבע קופסה 380 גר</ItemName>
      <ManufacturerName>לא ידוע</ManufacturerName>
      <ManufactureCountry>איטליה</ManufactureCountry>
      <ManufacturerItemDescription>שעועית לבנה טעם הטבע</ManufacturerItemDescription>
      <UnitQty>גרמים</UnitQty>
      <Quantity>380.00</Quantity>
      <bIsWeighted>0</bIsWeighted>
      <UnitOfMeasure>100 גרם</UnitOfMeasure>
      <QtyInPackage>1</QtyInPackage>
      <ItemPrice>9.50</ItemPrice>
      <UnitOfMeasurePrice>2.50</UnitOfMeasurePrice>
      <AllowDiscount>1</AllowDiscount>
      <ItemStatus>1</ItemStatus>
    </Item>
    <Item>
      <PriceUpdateDate>2025-08-13 14:51</PriceUpdateDate>
      <ItemCode>7290112348548</ItemCode>
      <ItemType>1</ItemType>
      <ItemName>שוקולד פרה לבן 100 גרם</ItemName>
      <ManufacturerName>לא ידוע</ManufacturerName>
      <ManufactureCountry>ישראל</ManufactureCountry>
      <ManufacturerItemDescription>שוקולד פרה לבן 100 ג</ManufacturerItemDescription>
      <UnitQty>גרמים</UnitQty>
      <Quantity>100.00</Quantity>
      <bIsWeighted>0</bIsWeighted>
      <UnitOfMeasure>100 גרם</UnitOfMeasure>
      <QtyInPackage>1</QtyInPackage>
      <ItemPrice>10.50</ItemPrice>
      <UnitOfMeasurePrice>10.50</UnitOfMeasurePrice>
      <AllowDiscount>1</AllowDiscount>
      <ItemStatus>1</ItemStatus>
    </Item>
    <Item>
      <PriceUpdateDate>2023-01-03 23:50</PriceUpdateDate>
      <ItemCode>7290112348999</ItemCode>
      <ItemType>1</ItemType>
      <ItemName>פריכיות טעימות תירס דקות 135 ג</ItemName>
      <ManufacturerName>לא ידוע</ManufacturerName>
      <ManufactureCountry>ישראל</ManufactureCountry>
      <ManufacturerItemDescription>הפריכיות הטעימות    </ManufacturerItemDescription>
      <UnitQty>גרמים</UnitQty>
      <Quantity>135.00</Quantity>
      <bIsWeighted>0</bIsWeighted>
      <UnitOfMeasure>100 גרם</UnitOfMeasure>
      <QtyInPackage>1</QtyInPackage>
      <ItemPrice>13.90</ItemPrice>
      <UnitOfMeasurePrice>10.30</UnitOfMeasurePrice>
      <AllowDiscount>1</AllowDiscount>
      <ItemStatus>1</ItemStatus>
    </Item>
    <Item>
      <PriceUpdateDate>2021-12-11 22:12</PriceUpdateDate>
      <ItemCode>7290112349606</ItemCode>
      <ItemType>1</ItemType>
      <ItemName>דניאלה תות בננה 88 גרם</ItemName>
      <ManufacturerName>לא ידוע</ManufacturerName>
      <ManufactureCountry />
      <ManufacturerItemDescription>דניאלה תות בננה 88 ג</ManufacturerItemDescription>
      <UnitQty>גרמים</UnitQty>
      <Quantity>88.00</Quantity>
      <bIsWeighted>0</bIsWeighted>
      <UnitOfMeasure>100 גרם</UnitOfMeasure>
      <QtyInPackage>1</QtyInPackage>
      <ItemPrice>4.30</ItemPrice>
      <UnitOfMeasurePrice>4.89</UnitOfMeasurePrice>
      <AllowDiscount>1</AllowDiscount>
      <ItemStatus>1</ItemStatus>
    </Item>
    <Item>
      <PriceUpdateDate>2025-08-13 14:51</PriceUpdateDate>
      <ItemCode>7290112349668</ItemCode>
      <ItemType>1</ItemType>
      <ItemName>שוקולד ספלנדיד מריר 90% 100 גר</ItemName>
      <ManufacturerName>לא ידוע</ManufacturerName>
      <ManufactureCountry>IL</ManufactureCountry>
      <ManufacturerItemDescription>שוקולד ספלנדיד מריר </ManufacturerItemDescription>
      <UnitQty>גרמים</UnitQty>
      <Quantity>100.00</Quantity>
      <bIsWeighted>0</bIsWeighted>
      <UnitOfMeasure>100 גרם</UnitOfMeasure>
      <QtyInPackage>1</QtyInPackage>
      <ItemPrice>19.90</ItemPrice>
      <UnitOfMeasurePrice>19.90</UnitOfMeasurePrice>
      <AllowDiscount>1</AllowDiscount>
      <ItemStatus>1</ItemStatus>
    </Item>
    <Item>
      <PriceUpdateDate>2025-03-11 15:19</PriceUpdateDate>
      <ItemCode>7290112349750</ItemCode>
      <ItemType>1</ItemType>
      <ItemName>רוטב עגבניות לפיצה יד מרדכי 350 גר</ItemName>
      <ManufacturerName>לא ידוע</ManufacturerName>
      <ManufactureCountry>איטליה</ManufactureCountry>
      <ManufacturerItemDescription>רוטב עגבניות לפיצה י</ManufacturerItemDescription>
      <UnitQty>גרמים</UnitQty>
      <Quantity>350.00</Quantity>
      <bIsWeighted>0</bIsWeighted>
      <UnitOfMeasure>100 גרם</UnitOfMeasure>
      <QtyInPackage>1</QtyInPackage>
      <ItemPrice>17.90</ItemPrice>
      <UnitOfMeasurePrice>5.11</UnitOfMeasurePrice>
      <AllowDiscount>1</AllowDiscount>
      <ItemStatus>1</ItemStatus>
    </Item>
    <Item>
      <PriceUpdateDate>2025-08-13 14:51</PriceUpdateDate>
      <ItemCode>7290112351104</ItemCode>
      <ItemType>1</ItemType>
      <ItemName>שוקולד פרה חלב פיצפוצי אורז 100 גרם</ItemName>
      <ManufacturerName>לא ידוע</ManufacturerName>
      <ManufactureCountry>ישראל</ManufactureCountry>
      <ManufacturerItemDescription>שוקולד פרה חלב פיצפו</ManufacturerItemDescription>
      <UnitQty>גרמים</UnitQty>
      <Quantity>100.00</Quantity>
      <bIsWeighted>0</bIsWeighted>
      <UnitOfMeasure>100 גרם</UnitOfMeasure>
      <QtyInPackage>1</QtyInPackage>
      <ItemPrice>10.50</ItemPrice>
      <UnitOfMeasurePrice>10.50</UnitOfMeasurePrice>
      <AllowDiscount>1</AllowDiscount>
      <ItemStatus>1</ItemStatus>
    </Item>
    <Item>
      <PriceUpdateDate>2025-08-13 14:50</PriceUpdateDate>
      <ItemCode>7290112351128</ItemCode>
      <ItemType>1</ItemType>
      <ItemName>שוקולד פרה סוכריות קופצות 90 גרם</ItemName>
      <ManufacturerName>לא ידוע</ManufacturerName>
      <ManufactureCountry />
      <ManufacturerItemDescription>שוקולד פרה סוכריות ק</ManufacturerItemDescription>
      <UnitQty>גרמים</UnitQty>
      <Quantity>90.00</Quantity>
      <bIsWeighted>0</bIsWeighted>
      <UnitOfMeasure>100 גרם</UnitOfMeasure>
      <QtyInPackage>1</QtyInPackage>
      <ItemPrice>10.50</ItemPrice>
      <UnitOfMeasurePrice>11.67</UnitOfMeasurePrice>
      <AllowDiscount>1</AllowDiscount>
      <ItemStatus>1</ItemStatus>
    </Item>
    <Item>
      <PriceUpdateDate>2025-01-14 08:32</PriceUpdateDate>
      <ItemCode>7290112355102</ItemCode>
      <ItemType>1</ItemType>
      <ItemName>גמדים פאוץ סלט פירות 100 גר</ItemName>
      <ManufacturerName>לא ידוע</ManufacturerName>
      <ManufactureCountry>ישראל</ManufactureCountry>
      <ManufacturerItemDescription>גמדים פאוץ סלט פירות</ManufacturerItemDescription>
      <UnitQty>גרמים</UnitQty>
      <Quantity>100.00</Quantity>
      <bIsWeighted>0</bIsWeighted>
      <UnitOfMeasure>100 גרם</UnitOfMeasure>
      <QtyInPackage>1</QtyInPackage>
      <ItemPrice>6.70</ItemPrice>
      <UnitOfMeasurePrice>6.70</UnitOfMeasurePrice>
      <AllowDiscount>1</AllowDiscount>
      <ItemStatus>1</ItemStatus>
    </Item>
    <Item>
      <PriceUpdateDate>2025-03-11 15:19</PriceUpdateDate>
      <ItemCode>7290112357083</ItemCode>
      <ItemType>1</ItemType>
      <ItemName>אפונת גינה טעם הטבע קופסה 380 גר</ItemName>
      <ManufacturerName>לא ידוע</ManufacturerName>
      <ManufactureCountry>איטליה</ManufactureCountry>
      <ManufacturerItemDescription>אפונת גינה טעם הטבע </ManufacturerItemDescription>
      <UnitQty>גרמים</UnitQty>
      <Quantity>380.00</Quantity>
      <bIsWeighted>0</bIsWeighted>
      <UnitOfMeasure>100 גרם</UnitOfMeasure>
      <QtyInPackage>1</QtyInPackage>
      <ItemPrice>9.50</ItemPrice>
      <UnitOfMeasurePrice>2.50</UnitOfMeasurePrice>
      <AllowDiscount>1</AllowDiscount>
      <ItemStatus>1</ItemStatus>
    </Item>
    <Item>
      <PriceUpdateDate>2025-03-11 15:19</PriceUpdateDate>
      <ItemCode>7290112357113</ItemCode>
      <ItemType>1</ItemType>
      <ItemName>גרגרי חומוס טעם הטבע קופסה 380 גר</ItemName>
      <ManufacturerName>לא ידוע</ManufacturerName>
      <ManufactureCountry>איטליה</ManufactureCountry>
      <ManufacturerItemDescription>גרגרי חומוס טעם הטבע</ManufacturerItemDescription>
      <UnitQty>גרמים</UnitQty>
      <Quantity>380.00</Quantity>
      <bIsWeighted>0</bIsWeighted>
      <UnitOfMeasure>100 גרם</UnitOfMeasure>
      <QtyInPackage>1</QtyInPackage>
      <ItemPrice>9.50</ItemPrice>
      <UnitOfMeasurePrice>2.50</UnitOfMeasurePrice>
      <AllowDiscount>1</AllowDiscount>
      <ItemStatus>1</ItemStatus>
    </Item>
    <Item>
      <PriceUpdateDate>2025-03-11 15:19</PriceUpdateDate>
      <ItemCode>7290112358219</ItemCode>
      <ItemType>1</ItemType>
      <ItemName>רוטב צילי מתוק יד מרדכי 300 גר</ItemName>
      <ManufacturerName>לא ידוע</ManufacturerName>
      <ManufactureCountry />
      <ManufacturerItemDescription>רוטב צילי מתוק יד מר</ManufacturerItemDescription>
      <UnitQty>גרמים</UnitQty>
      <Quantity>300.00</Quantity>
      <bIsWeighted>0</bIsWeighted>
      <UnitOfMeasure>100 גרם</UnitOfMeasure>
      <QtyInPackage>1</QtyInPackage>
      <ItemPrice>19.50</ItemPrice>
      <UnitOfMeasurePrice>6.50</UnitOfMeasurePrice>
      <AllowDiscount>1</AllowDiscount>
      <ItemStatus>1</ItemStatus>
    </Item>
    <Item>
      <PriceUpdateDate>2023-05-22 18:48</PriceUpdateDate>
      <ItemCode>7290112490032</ItemCode>
      <ItemType>1</ItemType>
      <ItemName>מרק קנור נמס בכוס תירס  45 גרם</ItemName>
      <ManufacturerName>לא ידוע</ManufacturerName>
      <ManufactureCountry>ישראל</ManufactureCountry>
      <ManufacturerItemDescription>מרק קנור נמס בכוס תי</ManufacturerItemDescription>
      <UnitQty>גרמים</UnitQty>
      <Quantity>45.00</Quantity>
      <bIsWeighted>0</bIsWeighted>
      <UnitOfMeasure>100 גרם</UnitOfMeasure>
      <QtyInPackage>1</QtyInPackage>
      <ItemPrice>8.90</ItemPrice>
      <UnitOfMeasurePrice>19.78</UnitOfMeasurePrice>
      <AllowDiscount>1</AllowDiscount>
      <ItemStatus>1</ItemStatus>
    </Item>
    <Item>
      <PriceUpdateDate>2023-05-22 18:47</PriceUpdateDate>
      <ItemCode>7290112490209</ItemCode>
      <ItemType>1</ItemType>
      <ItemName>מרק נמס בכוס עגבניות 56 גרם</ItemName>
      <ManufacturerName>לא ידוע</ManufacturerName>
      <ManufactureCountry>ישראל</ManufactureCountry>
      <ManufacturerItemDescription>מרק נמס בכוס עגבניות</ManufacturerItemDescription>
      <UnitQty>גרמים</UnitQty>
      <Quantity>56.00</Quantity>
      <bIsWeighted>0</bIsWeighted>
      <UnitOfMeasure>100 גרם</UnitOfMeasure>
      <QtyInPackage>1</QtyInPackage>
      <ItemPrice>8.90</ItemPrice>
      <UnitOfMeasurePrice>15.89</UnitOfMeasurePrice>
      <AllowDiscount>1</AllowDiscount>
      <ItemStatus>1</ItemStatus>
    </Item>
    <Item>
      <PriceUpdateDate>2023-05-22 18:47</PriceUpdateDate>
      <ItemCode>7290112490216</ItemCode>
      <ItemType>1</ItemType>
      <ItemName>מרק קנור נמס בכוס עוף וקרוטונים 48 גרם</ItemName>
      <ManufacturerName>לא ידוע</ManufacturerName>
      <ManufactureCountry>ישראל</ManufactureCountry>
      <ManufacturerItemDescription>מרק קנור נמס בכוס עו</ManufacturerItemDescription>
      <UnitQty>גרמים</UnitQty>
      <Quantity>48.00</Quantity>
      <bIsWeighted>0</bIsWeighted>
      <UnitOfMeasure>100 גרם</UnitOfMeasure>
      <QtyInPackage>1</QtyInPackage>
      <ItemPrice>8.90</ItemPrice>
      <UnitOfMeasurePrice>18.54</UnitOfMeasurePrice>
      <AllowDiscount>1</AllowDiscount>
      <ItemStatus>1</ItemStatus>
    </Item>
    <Item>
      <PriceUpdateDate>2023-05-22 18:48</PriceUpdateDate>
      <ItemCode>7290112490230</ItemCode>
      <ItemType>1</ItemType>
      <ItemName>מרק נמס בכוס אפונה 50 גרם</ItemName>
      <ManufacturerName>לא ידוע</ManufacturerName>
      <ManufactureCountry>ישראל</ManufactureCountry>
      <ManufacturerItemDescription>מרק נמס בכוס אפונה 5</ManufacturerItemDescription>
      <UnitQty>גרמים</UnitQty>
      <Quantity>50.00</Quantity>
      <bIsWeighted>0</bIsWeighted>
      <UnitOfMeasure>100 גרם</UnitOfMeasure>
      <QtyInPackage>1</QtyInPackage>
      <ItemPrice>8.90</ItemPrice>
      <UnitOfMeasurePrice>17.80</UnitOfMeasurePrice>
      <AllowDiscount>1</AllowDiscount>
      <ItemStatus>1</ItemStatus>
    </Item>
    <Item>
      <PriceUpdateDate>2025-06-06 05:56</PriceUpdateDate>
      <ItemCode>7290112490582</ItemCode>
      <ItemType>1</ItemType>
      <ItemName>הלמנס חרדל דיזון 350 גרם</ItemName>
      <ManufacturerName>לא ידוע</ManufacturerName>
      <ManufactureCountry>צרפת</ManufactureCountry>
      <ManufacturerItemDescription>הלמנס חרדל דיזון 350</ManufacturerItemDescription>
      <UnitQty>גרמים</UnitQty>
      <Quantity>350.00</Quantity>
      <bIsWeighted>0</bIsWeighted>
      <UnitOfMeasure>100 גרם</UnitOfMeasure>
      <QtyInPackage>1</QtyInPackage>
      <ItemPrice>21.90</ItemPrice>
      <UnitOfMeasurePrice>6.26</UnitOfMeasurePrice>
      <AllowDiscount>1</AllowDiscount>
      <ItemStatus>1</ItemStatus>
    </Item>
    <Item>
      <PriceUpdateDate>2025-06-06 05:57</PriceUpdateDate>
      <ItemCode>7290112491701</ItemCode>
      <ItemType>1</ItemType>
      <ItemName>ברנפלקס אקסטרה פרוטאין 375 גרם</ItemName>
      <ManufacturerName>לא ידוע</ManufacturerName>
      <ManufactureCountry>ישראל</ManufactureCountry>
      <ManufacturerItemDescription>ברנפלקס אקסטרה פרוטא</ManufacturerItemDescription>
      <UnitQty>גרמים</UnitQty>
      <Quantity>375.00</Quantity>
      <bIsWeighted>0</bIsWeighted>
      <UnitOfMeasure>100 גרם</UnitOfMeasure>
      <QtyInPackage>1</QtyInPackage>
      <ItemPrice>29.90</ItemPrice>
      <UnitOfMeasurePrice>7.97</UnitOfMeasurePrice>
      <AllowDiscount>1</AllowDiscount>
      <ItemStatus>1</ItemStatus>
    </Item>
    <Item>
      <PriceUpdateDate>2025-03-11 15:19</PriceUpdateDate>
      <ItemCode>7290112491770</ItemCode>
      <ItemType>1</ItemType>
      <ItemName>בייגלה דקים דקים מלח ים 300 גרם</ItemName>
      <ManufacturerName>לא ידוע</ManufacturerName>
      <ManufactureCountry>לא ידוע</ManufactureCountry>
      <ManufacturerItemDescription>בייגלה דקים דקים מלח</ManufacturerItemDescription>
      <UnitQty>גרמים</UnitQty>
      <Quantity>300.00</Quantity>
      <bIsWeighted>0</bIsWeighted>
      <UnitOfMeasure>100 גרם</UnitOfMeasure>
      <QtyInPackage>1</QtyInPackage>
      <ItemPrice>16.50</ItemPrice>
      <UnitOfMeasurePrice>5.50</UnitOfMeasurePrice>
      <AllowDiscount>1</AllowDiscount>
      <ItemStatus>1</ItemStatus>
    </Item>
    <Item>
      <PriceUpdateDate>2023-02-05 16:59</PriceUpdateDate>
      <ItemCode>7290112492548</ItemCode>
      <ItemType>1</ItemType>
      <ItemName>מרכך פינוק לשיער יבש 700 מ"ל</ItemName>
      <ManufacturerName>לא ידוע</ManufacturerName>
      <ManufactureCountry>ישראל</ManufactureCountry>
      <ManufacturerItemDescription>מרכך פינוק לשיער יבש</ManufacturerItemDescription>
      <UnitQty>מיליליטרים</UnitQty>
      <Quantity>700.00</Quantity>
      <bIsWeighted>0</bIsWeighted>
      <UnitOfMeasure>100 מ"ל</UnitOfMeasure>
      <QtyInPackage>1</QtyInPackage>
      <ItemPrice>14.90</ItemPrice>
      <UnitOfMeasurePrice>2.13</UnitOfMeasurePrice>
      <AllowDiscount>1</AllowDiscount>
      <ItemStatus>1</ItemStatus>
    </Item>
    <Item>
      <PriceUpdateDate>2023-02-06 14:01</PriceUpdateDate>
      <ItemCode>7290112492630</ItemCode>
      <ItemType>1</ItemType>
      <ItemName>שמפו פינוק 3 ב-1 לגבר 700 מ"ל</ItemName>
      <ManufacturerName>לא ידוע</ManufacturerName>
      <ManufactureCountry>ישראל</ManufactureCountry>
      <ManufacturerItemDescription>שמפו פינוק 3 ב-1 לגב</ManufacturerItemDescription>
      <UnitQty>מיליליטרים</UnitQty>
      <Quantity>700.00</Quantity>
      <bIsWeighted>0</bIsWeighted>
      <UnitOfMeasure>100 מ"ל</UnitOfMeasure>
      <QtyInPackage>1</QtyInPackage>
      <ItemPrice>14.90</ItemPrice>
      <UnitOfMeasurePrice>2.13</UnitOfMeasurePrice>
      <AllowDiscount>1</AllowDiscount>
      <ItemStatus>1</ItemStatus>
    </Item>
    <Item>
      <PriceUpdateDate>2025-06-06 05:55</PriceUpdateDate>
      <ItemCode>7290112492999</ItemCode>
      <ItemType>1</ItemType>
      <ItemName>מרק טעם עוף 400 גרם צנצנת קנור</ItemName>
      <ManufacturerName>לא ידוע</ManufacturerName>
      <ManufactureCountry>לא ידוע</ManufactureCountry>
      <ManufacturerItemDescription>מרק טעם עוף 400 גרם </ManufacturerItemDescription>
      <UnitQty>גרמים</UnitQty>
      <Quantity>400.00</Quantity>
      <bIsWeighted>0</bIsWeighted>
      <UnitOfMeasure>100 גרם</UnitOfMeasure>
      <QtyInPackage>1</QtyInPackage>
      <ItemPrice>23.90</ItemPrice>
      <UnitOfMeasurePrice>5.98</UnitOfMeasurePrice>
      <AllowDiscount>1</AllowDiscount>
      <ItemStatus>1</ItemStatus>
    </Item>
    <Item>
      <PriceUpdateDate>2025-03-11 15:19</PriceUpdateDate>
      <ItemCode>7290112493316</ItemCode>
      <ItemType>1</ItemType>
      <ItemName>מרק היום אפונה 117 גרם</ItemName>
      <ManufacturerName>לא ידוע</ManufacturerName>
      <ManufactureCountry>ישראל</ManufactureCountry>
      <ManufacturerItemDescription>מרק היום אפונה 117 ג</ManufacturerItemDescription>
      <UnitQty>גרמים</UnitQty>
      <Quantity>117.00</Quantity>
      <bIsWeighted>0</bIsWeighted>
      <UnitOfMeasure>100 גרם</UnitOfMeasure>
      <QtyInPackage>1</QtyInPackage>
      <ItemPrice>16.90</ItemPrice>
      <UnitOfMeasurePrice>14.44</UnitOfMeasurePrice>
      <AllowDiscount>1</AllowDiscount>
      <ItemStatus>1</ItemStatus>
    </Item>
    <Item>
      <PriceUpdateDate>2025-09-16 12:36</PriceUpdateDate>
      <ItemCode>7290112494221</ItemCode>
      <ItemType>1</ItemType>
      <ItemName>קליק ביסקוויט 65 גרם</ItemName>
      <ManufacturerName>לא ידוע</ManufacturerName>
      <ManufactureCountry>לא ידוע</ManufactureCountry>
      <ManufacturerItemDescription>קליק ביסקוויט 65 גרם</ManufacturerItemDescription>
      <UnitQty>גרמים</UnitQty>
      <Quantity>65.00</Quantity>
      <bIsWeighted>0</bIsWeighted>
      <UnitOfMeasure>100 גרם</UnitOfMeasure>
      <QtyInPackage>1</QtyInPackage>
      <ItemPrice>10.50</ItemPrice>
      <UnitOfMeasurePrice>16.15</UnitOfMeasurePrice>
      <AllowDiscount>1</AllowDiscount>
      <ItemStatus>1</ItemStatus>
    </Item>
    <Item>
      <PriceUpdateDate>2025-09-16 12:36</PriceUpdateDate>
      <ItemCode>7290112494238</ItemCode>
      <ItemType>1</ItemType>
      <ItemName>קליק כדורי חלב 65 גרם</ItemName>
      <ManufacturerName>לא ידוע</ManufacturerName>
      <ManufactureCountry>לא ידוע</ManufactureCountry>
      <ManufacturerItemDescription>קליק כדורי חלב 65 גר</ManufacturerItemDescription>
      <UnitQty>גרמים</UnitQty>
      <Quantity>65.00</Quantity>
      <bIsWeighted>0</bIsWeighted>
      <UnitOfMeasure>100 גרם</UnitOfMeasure>
      <QtyInPackage>1</QtyInPackage>
      <ItemPrice>10.50</ItemPrice>
      <UnitOfMeasurePrice>16.15</UnitOfMeasurePrice>
      <AllowDiscount>1</AllowDiscount>
      <ItemStatus>1</ItemStatus>
    </Item>
    <Item>
      <PriceUpdateDate>2025-09-16 12:36</PriceUpdateDate>
      <ItemCode>7290112494283</ItemCode>
      <ItemType>1</ItemType>
      <ItemName>קליק חום לבן 65 גרם</ItemName>
      <ManufacturerName>לא ידוע</ManufacturerName>
      <ManufactureCountry>לא ידוע</ManufactureCountry>
      <ManufacturerItemDescription>קליק חום לבן 65 גרם </ManufacturerItemDescription>
      <UnitQty>גרמים</UnitQty>
      <Quantity>65.00</Quantity>
      <bIsWeighted>0</bIsWeighted>
      <UnitOfMeasure>100 גרם</UnitOfMeasure>
      <QtyInPackage>1</QtyInPackage>
      <ItemPrice>10.50</ItemPrice>
      <UnitOfMeasurePrice>16.15</UnitOfMeasurePrice>
      <AllowDiscount>1</AllowDiscount>
      <ItemStatus>1</ItemStatus>
    </Item>
    <Item>
      <PriceUpdateDate>2025-09-16 12:36</PriceUpdateDate>
      <ItemCode>7290112494313</ItemCode>
      <ItemType>1</ItemType>
      <ItemName>קליק קורנפלקס 65 גרם</ItemName>
      <ManufacturerName>לא ידוע</ManufacturerName>
      <ManufactureCountry>לא ידוע</ManufactureCountry>
      <ManufacturerItemDescription>קליק קורנפלקס 65 גרם</ManufacturerItemDescription>
      <UnitQty>גרמים</UnitQty>
      <Quantity>65.00</Quantity>
      <bIsWeighted>0</bIsWeighted>
      <UnitOfMeasure>100 גרם</UnitOfMeasure>
      <QtyInPackage>1</QtyInPackage>
      <ItemPrice>10.50</ItemPrice>
      <UnitOfMeasurePrice>16.15</UnitOfMeasurePrice>
      <AllowDiscount>1</AllowDiscount>
      <ItemStatus>1</ItemStatus>
    </Item>
    <Item>
      <PriceUpdateDate>2025-06-06 05:56</PriceUpdateDate>
      <ItemCode>7290112494351</ItemCode>
      <ItemType>1</ItemType>
      <ItemName>קורנפלקס של אלופים 850 גרם</ItemName>
      <ManufacturerName>לא ידוע</ManufacturerName>
      <ManufactureCountry>לא ידוע</ManufactureCountry>
      <ManufacturerItemDescription>קורנפלקס של אלופים 8</ManufacturerItemDescription>
      <UnitQty>גרמים</UnitQty>
      <Quantity>850.00</Quantity>
      <bIsWeighted>0</bIsWeighted>
      <UnitOfMeasure>100 גרם</UnitOfMeasure>
      <QtyInPackage>1</QtyInPackage>
      <ItemPrice>26.90</ItemPrice>
      <UnitOfMeasurePrice>3.16</UnitOfMeasurePrice>
      <AllowDiscount>1</AllowDiscount>
      <ItemStatus>1</ItemStatus>
    </Item>
    <Item>
      <PriceUpdateDate>2025-05-21 08:43</PriceUpdateDate>
      <ItemCode>7290112495280</ItemCode>
      <ItemType>1</ItemType>
      <ItemName>ריבועי ברנפלקס קינמון 400 גרם</ItemName>
      <ManufacturerName>לא ידוע</ManufacturerName>
      <ManufactureCountry>לא ידוע</ManufactureCountry>
      <ManufacturerItemDescription>ריבועי ברנפלקס קינמו</ManufacturerItemDescription>
      <UnitQty>גרמים</UnitQty>
      <Quantity>400.00</Quantity>
      <bIsWeighted>0</bIsWeighted>
      <UnitOfMeasure>100 גרם</UnitOfMeasure>
      <QtyInPackage>1</QtyInPackage>
      <ItemPrice>29.90</ItemPrice>
      <UnitOfMeasurePrice>7.48</UnitOfMeasurePrice>
      <AllowDiscount>1</AllowDiscount>
      <ItemStatus>1</ItemStatus>
    </Item>
    <Item>
      <PriceUpdateDate>2025-06-06 05:57</PriceUpdateDate>
      <ItemCode>7290112495433</ItemCode>
      <ItemType>1</ItemType>
      <ItemName>דליפקאן 400 גרם</ItemName>
      <ManufacturerName>לא ידוע</ManufacturerName>
      <ManufactureCountry>לא ידוע</ManufactureCountry>
      <ManufacturerItemDescription>דליפקאן 400 גרם     </ManufacturerItemDescription>
      <UnitQty>גרמים</UnitQty>
      <Quantity>400.00</Quantity>
      <bIsWeighted>0</bIsWeighted>
      <UnitOfMeasure>100 גרם</UnitOfMeasure>
      <QtyInPackage>1</QtyInPackage>
      <ItemPrice>29.90</ItemPrice>
      <UnitOfMeasurePrice>7.48</UnitOfMeasurePrice>
      <AllowDiscount>1</AllowDiscount>
      <ItemStatus>1</ItemStatus>
    </Item>
    <Item>
      <PriceUpdateDate>2025-06-06 05:56</PriceUpdateDate>
      <ItemCode>7290112495754</ItemCode>
      <ItemType>1</ItemType>
      <ItemName>הלמנס לסלט אלף האיים 305 מ"ל</ItemName>
      <ManufacturerName>לא ידוע</ManufacturerName>
      <ManufactureCountry>לא ידוע</ManufactureCountry>
      <ManufacturerItemDescription>הלמנס לסלט אלף האיים</ManufacturerItemDescription>
      <UnitQty>מיליליטרים</UnitQty>
      <Quantity>305.00</Quantity>
      <bIsWeighted>0</bIsWeighted>
      <UnitOfMeasure>100 מ"ל</UnitOfMeasure>
      <QtyInPackage>1</QtyInPackage>
      <ItemPrice>18.90</ItemPrice>
      <UnitOfMeasurePrice>6.20</UnitOfMeasurePrice>
      <AllowDiscount>1</AllowDiscount>
      <ItemStatus>1</ItemStatus>
    </Item>
    <Item>
      <PriceUpdateDate>2023-12-26 14:27</PriceUpdateDate>
      <ItemCode>7290112496447</ItemCode>
      <ItemType>1</ItemType>
      <ItemName>נמס בכוס אקסטרה טעם עוף ואטריות קנור 27</ItemName>
      <ManufacturerName>לא ידוע</ManufacturerName>
      <ManufactureCountry>לא ידוע</ManufactureCountry>
      <ManufacturerItemDescription>נמס בכוס אקסטרה טעם </ManufacturerItemDescription>
      <UnitQty>גרמים</UnitQty>
      <Quantity>27.00</Quantity>
      <bIsWeighted>0</bIsWeighted>
      <UnitOfMeasure>100 גרם</UnitOfMeasure>
      <QtyInPackage>1</QtyInPackage>
      <ItemPrice>5.90</ItemPrice>
      <UnitOfMeasurePrice>21.85</UnitOfMeasurePrice>
      <AllowDiscount>1</AllowDiscount>
      <ItemStatus>1</ItemStatus>
    </Item>
    <Item>
      <PriceUpdateDate>2023-07-03 19:46</PriceUpdateDate>
      <ItemCode>7290112496461</ItemCode>
      <ItemType>1</ItemType>
      <ItemName>מרק נמס בכוס אקסטרה ירקות ואיטריות קנור</ItemName>
      <ManufacturerName>לא ידוע</ManufacturerName>
      <ManufactureCountry>לא ידוע</ManufactureCountry>
      <ManufacturerItemDescription>מרק נמס בכוס אקסטרה </ManufacturerItemDescription>
      <UnitQty>גרמים</UnitQty>
      <Quantity>32.00</Quantity>
      <bIsWeighted>0</bIsWeighted>
      <UnitOfMeasure>100 גרם</UnitOfMeasure>
      <QtyInPackage>1</QtyInPackage>
      <ItemPrice>5.90</ItemPrice>
      <UnitOfMeasurePrice>18.44</UnitOfMeasurePrice>
      <AllowDiscount>1</AllowDiscount>
      <ItemStatus>1</ItemStatus>
    </Item>
    <Item>
      <PriceUpdateDate>2025-02-27 10:01</PriceUpdateDate>
      <ItemCode>7290112497123</ItemCode>
      <ItemType>1</ItemType>
      <ItemName>סחלב 112 גרם-קופסא</ItemName>
      <ManufacturerName>לא ידוע</ManufacturerName>
      <ManufactureCountry>לא ידוע</ManufactureCountry>
      <ManufacturerItemDescription>סחלב 112 גרם-קופסא  </ManufacturerItemDescription>
      <UnitQty>גרמים</UnitQty>
      <Quantity>112.00</Quantity>
      <bIsWeighted>0</bIsWeighted>
      <UnitOfMeasure>100 גרם</UnitOfMeasure>
      <QtyInPackage>1</QtyInPackage>
      <ItemPrice>19.50</ItemPrice>
      <UnitOfMeasurePrice>17.41</UnitOfMeasurePrice>
      <AllowDiscount>1</AllowDiscount>
      <ItemStatus>1</ItemStatus>
    </Item>
    <Item>
      <PriceUpdateDate>2025-03-11 15:19</PriceUpdateDate>
      <ItemCode>7290112498007</ItemCode>
      <ItemType>1</ItemType>
      <ItemName>גרנולה פרוטאין ת.חלבון שקדים חמוציות 300</ItemName>
      <ManufacturerName>לא ידוע</ManufacturerName>
      <ManufactureCountry />
      <ManufacturerItemDescription>גרנולה פרוטאין ת.חלב</ManufacturerItemDescription>
      <UnitQty>גרמים</UnitQty>
      <Quantity>300.00</Quantity>
      <bIsWeighted>0</bIsWeighted>
      <UnitOfMeasure>100 גרם</UnitOfMeasure>
      <QtyInPackage>1</QtyInPackage>
      <ItemPrice>24.90</ItemPrice>
      <UnitOfMeasurePrice>8.30</UnitOfMeasurePrice>
      <AllowDiscount>1</AllowDiscount>
      <ItemStatus>1</ItemStatus>
    </Item>
    <Item>
      <PriceUpdateDate>2025-12-02 08:54</PriceUpdateDate>
      <ItemCode>7290112498915</ItemCode>
      <ItemType>1</ItemType>
      <ItemName>מאגדת מיני מגנום שקדים 250 גרם</ItemName>
      <ManufacturerName>לא ידוע</ManufacturerName>
      <ManufactureCountry>ישראל</ManufactureCountry>
      <ManufacturerItemDescription>מאגדת מיני מגנום שקד</ManufacturerItemDescription>
      <UnitQty>גרמים</UnitQty>
      <Quantity>250.00</Quantity>
      <bIsWeighted>0</bIsWeighted>
      <UnitOfMeasure>100 גרם</UnitOfMeasure>
      <QtyInPackage>1</QtyInPackage>
      <ItemPrice>37.90</ItemPrice>
      <UnitOfMeasurePrice>15.16</UnitOfMeasurePrice>
      <AllowDiscount>1</AllowDiscount>
      <ItemStatus>1</ItemStatus>
    </Item>
    <Item>
      <PriceUpdateDate>2025-12-02 08:53</PriceUpdateDate>
      <ItemCode>7290112499943</ItemCode>
      <ItemType>1</ItemType>
      <ItemName>מיני מגנום וניל+שוקו</ItemName>
      <ManufacturerName>לא ידוע</ManufacturerName>
      <ManufactureCountry>לא ידוע</ManufactureCountry>
      <ManufacturerItemDescription>מיני מגנום וניל+שוקו</ManufacturerItemDescription>
      <UnitQty>גרמים</UnitQty>
      <Quantity>270.00</Quantity>
      <bIsWeighted>0</bIsWeighted>
      <UnitOfMeasure>100 גרם</UnitOfMeasure>
      <QtyInPackage>1</QtyInPackage>
      <ItemPrice>37.90</ItemPrice>
      <UnitOfMeasurePrice>14.04</UnitOfMeasurePrice>
      <AllowDiscount>1</AllowDiscount>
      <ItemStatus>1</ItemStatus>
    </Item>
    <Item>
      <PriceUpdateDate>2021-01-25 17:11</PriceUpdateDate>
      <ItemCode>7290112703187</ItemCode>
      <ItemType>1</ItemType>
      <ItemName>נרות אותיות HB כסף</ItemName>
      <ManufacturerName>לא ידוע</ManufacturerName>
      <ManufactureCountry>סין</ManufactureCountry>
      <ManufacturerItemDescription>נרות אותיות HB כסף  </ManufacturerItemDescription>
      <UnitQty>Unknown</UnitQty>
      <Quantity>1.00</Quantity>
      <bIsWeighted>0</bIsWeighted>
      <UnitOfMeasure>Unknown</UnitOfMeasure>
      <QtyInPackage>1</QtyInPackage>
      <ItemPrice>9.90</ItemPrice>
      <UnitOfMeasurePrice>9.90</UnitOfMeasurePrice>
      <AllowDiscount>1</AllowDiscount>
      <ItemStatus>1</ItemStatus>
    </Item>
    <Item>
      <PriceUpdateDate>2021-01-25 17:11</PriceUpdateDate>
      <ItemCode>7290112707499</ItemCode>
      <ItemType>1</ItemType>
      <ItemName>זיקוק 15 סמ 6 יח 80 בקרטון 5גר צבעוני</ItemName>
      <ManufacturerName>לא ידוע</ManufacturerName>
      <ManufactureCountry>סין</ManufactureCountry>
      <ManufacturerItemDescription>זיקוק 15 צבעוני     </ManufacturerItemDescription>
      <UnitQty>Unknown</UnitQty>
      <Quantity>1.00</Quantity>
      <bIsWeighted>0</bIsWeighted>
      <UnitOfMeasure>Unknown</UnitOfMeasure>
      <QtyInPackage>1</QtyInPackage>
      <ItemPrice>15.90</ItemPrice>
      <UnitOfMeasurePrice>15.90</UnitOfMeasurePrice>
      <AllowDiscount>1</AllowDiscount>
      <ItemStatus>1</ItemStatus>
    </Item>
    <Item>
      <PriceUpdateDate>2025-06-06 05:55</PriceUpdateDate>
      <ItemCode>7290112826275</ItemCode>
      <ItemType>1</ItemType>
      <ItemName>אנטריקוט עגל טרי ללא עצם</ItemName>
      <ManufacturerName>לא ידוע</ManufacturerName>
      <ManufactureCountry>לא ידוע</ManufactureCountry>
      <ManufacturerItemDescription>אנטריקוט עגל טרי    </ManufacturerItemDescription>
      <UnitQty>Unknown</UnitQty>
      <Quantity>0.00</Quantity>
      <bIsWeighted>1</bIsWeighted>
      <UnitOfMeasure>ק"ג</UnitOfMeasure>
      <QtyInPackage>0</QtyInPackage>
      <ItemPrice>199.90</ItemPrice>
      <UnitOfMeasurePrice>199.90</UnitOfMeasurePrice>
      <AllowDiscount>1</AllowDiscount>
      <ItemStatus>1</ItemStatus>
    </Item>
    <Item>
      <PriceUpdateDate>2023-01-02 12:55</PriceUpdateDate>
      <ItemCode>7290112827425</ItemCode>
      <ItemType>1</ItemType>
      <ItemName>שפונדרה ללא עצם טרי</ItemName>
      <ManufacturerName>לא ידוע</ManufacturerName>
      <ManufactureCountry>לא ידוע</ManufactureCountry>
      <ManufacturerItemDescription>שפונדרה ללא עצם טרי </ManufacturerItemDescription>
      <UnitQty>Unknown</UnitQty>
      <Quantity>0.00</Quantity>
      <bIsWeighted>1</bIsWeighted>
      <UnitOfMeasure>ק"ג</UnitOfMeasure>
      <QtyInPackage>0</QtyInPackage>
      <ItemPrice>69.90</ItemPrice>
      <UnitOfMeasurePrice>69.90</UnitOfMeasurePrice>
      <AllowDiscount>1</AllowDiscount>
      <ItemStatus>1</ItemStatus>
    </Item>
    <Item>
      <PriceUpdateDate>2025-02-20 18:01</PriceUpdateDate>
      <ItemCode>7290112914736</ItemCode>
      <ItemType>1</ItemType>
      <ItemName>מקס ברנר שוקולד בייטס חלב אגוזים 70 גרם</ItemName>
      <ManufacturerName>לא ידוע</ManufacturerName>
      <ManufactureCountry>ישראל</ManufactureCountry>
      <ManufacturerItemDescription>מקס ברנר שוקולד בייט</ManufacturerItemDescription>
      <UnitQty>גרמים</UnitQty>
      <Quantity>70.00</Quantity>
      <bIsWeighted>0</bIsWeighted>
      <UnitOfMeasure>100 גרם</UnitOfMeasure>
      <QtyInPackage>1</QtyInPackage>
      <ItemPrice>12.90</ItemPrice>
      <UnitOfMeasurePrice>18.43</UnitOfMeasurePrice>
      <AllowDiscount>1</AllowDiscount>
      <ItemStatus>1</ItemStatus>
    </Item>
    <Item>
      <PriceUpdateDate>2025-02-20 18:01</PriceUpdateDate>
      <ItemCode>7290112914743</ItemCode>
      <ItemType>1</ItemType>
      <ItemName>מקס ברנר שוקולד בייטס לבן וקוקוס 70 גרם</ItemName>
      <ManufacturerName>לא ידוע</ManufacturerName>
      <ManufactureCountry>ישראל</ManufactureCountry>
      <ManufacturerItemDescription>מקס ברנר שוקולד בייט</ManufacturerItemDescription>
      <UnitQty>גרמים</UnitQty>
      <Quantity>70.00</Quantity>
      <bIsWeighted>0</bIsWeighted>
      <UnitOfMeasure>100 גרם</UnitOfMeasure>
      <QtyInPackage>1</QtyInPackage>
      <ItemPrice>12.90</ItemPrice>
      <UnitOfMeasurePrice>18.43</UnitOfMeasurePrice>
      <AllowDiscount>1</AllowDiscount>
      <ItemStatus>1</ItemStatus>
    </Item>
    <Item>
      <PriceUpdateDate>2025-07-21 08:51</PriceUpdateDate>
      <ItemCode>7290112915368</ItemCode>
      <ItemType>1</ItemType>
      <ItemName>מקס ברנר טבלת שוקולד פרו קרמל מלוח 60 ג</ItemName>
      <ManufacturerName>לא ידוע</ManufacturerName>
      <ManufactureCountry>IL</ManufactureCountry>
      <ManufacturerItemDescription>מקס ברנר טבלת שוקולד</ManufacturerItemDescription>
      <UnitQty>גרמים</UnitQty>
      <Quantity>90.00</Quantity>
      <bIsWeighted>0</bIsWeighted>
      <UnitOfMeasure>100 גרם</UnitOfMeasure>
      <QtyInPackage>1</QtyInPackage>
      <ItemPrice>25.90</ItemPrice>
      <UnitOfMeasurePrice>28.78</UnitOfMeasurePrice>
      <AllowDiscount>1</AllowDiscount>
      <ItemStatus>1</ItemStatus>
    </Item>
    <Item>
      <PriceUpdateDate>2025-06-06 05:55</PriceUpdateDate>
      <ItemCode>7290112963321</ItemCode>
      <ItemType>1</ItemType>
      <ItemName>גרטיפי בייגלה שטוח הכל ללא גלוטן 300 גר</ItemName>
      <ManufacturerName>לא ידוע</ManufacturerName>
      <ManufactureCountry>ישראל</ManufactureCountry>
      <ManufacturerItemDescription>גרטיפי בייגלה שטוח ה</ManufacturerItemDescription>
      <UnitQty>גרמים</UnitQty>
      <Quantity>300.00</Quantity>
      <bIsWeighted>0</bIsWeighted>
      <UnitOfMeasure>100 גרם</UnitOfMeasure>
      <QtyInPackage>1</QtyInPackage>
      <ItemPrice>25.90</ItemPrice>
      <UnitOfMeasurePrice>8.63</UnitOfMeasurePrice>
      <AllowDiscount>1</AllowDiscount>
      <ItemStatus>1</ItemStatus>
    </Item>
    <Item>
      <PriceUpdateDate>2023-01-05 10:19</PriceUpdateDate>
      <ItemCode>7290112963918</ItemCode>
      <ItemType>1</ItemType>
      <ItemName>פיטנס קרקר דק רוזמרין 140 גרם</ItemName>
      <ManufacturerName>לא ידוע</ManufacturerName>
      <ManufactureCountry>ישראל</ManufactureCountry>
      <ManufacturerItemDescription>פיטנס קרקר דק רוזמרי</ManufacturerItemDescription>
      <UnitQty>גרמים</UnitQty>
      <Quantity>140.00</Quantity>
      <bIsWeighted>0</bIsWeighted>
      <UnitOfMeasure>100 גרם</UnitOfMeasure>
      <QtyInPackage>1</QtyInPackage>
      <ItemPrice>14.90</ItemPrice>
      <UnitOfMeasurePrice>10.64</UnitOfMeasurePrice>
      <AllowDiscount>1</AllowDiscount>
      <ItemStatus>1</ItemStatus>
    </Item>
    <Item>
      <PriceUpdateDate>2025-05-21 08:27</PriceUpdateDate>
      <ItemCode>7290112964410</ItemCode>
      <ItemType>1</ItemType>
      <ItemName>רוטב אלף האיים לסלט 290 מ"ל אסם</ItemName>
      <ManufacturerName>לא ידוע</ManufacturerName>
      <ManufactureCountry>ישראל</ManufactureCountry>
      <ManufacturerItemDescription>רוטב אלף האיים לסלט </ManufacturerItemDescription>
      <UnitQty>מיליליטרים</UnitQty>
      <Quantity>290.00</Quantity>
      <bIsWeighted>0</bIsWeighted>
      <UnitOfMeasure>100 מ"ל</UnitOfMeasure>
      <QtyInPackage>1</QtyInPackage>
      <ItemPrice>16.90</ItemPrice>
      <UnitOfMeasurePrice>5.83</UnitOfMeasurePrice>
      <AllowDiscount>1</AllowDiscount>
      <ItemStatus>1</ItemStatus>
    </Item>
    <Item>
      <PriceUpdateDate>2025-03-11 15:19</PriceUpdateDate>
      <ItemCode>7290112965585</ItemCode>
      <ItemType>1</ItemType>
      <ItemName>פרפקטו פסטה קסרצה 500 גרם</ItemName>
      <ManufacturerName>לא ידוע</ManufacturerName>
      <ManufactureCountry>לא ידוע</ManufactureCountry>
      <ManufacturerItemDescription>פרפקטו פסטה קסרצה 50</ManufacturerItemDescription>
      <UnitQty>גרמים</UnitQty>
      <Quantity>500.00</Quantity>
      <bIsWeighted>0</bIsWeighted>
      <UnitOfMeasure>100 גרם</UnitOfMeasure>
      <QtyInPackage>1</QtyInPackage>
      <ItemPrice>9.70</ItemPrice>
      <UnitOfMeasurePrice>1.94</UnitOfMeasurePrice>
      <AllowDiscount>1</AllowDiscount>
      <ItemStatus>1</ItemStatus>
    </Item>
    <Item>
      <PriceUpdateDate>2025-01-29 07:05</PriceUpdateDate>
      <ItemCode>7290112966124</ItemCode>
      <ItemType>1</ItemType>
      <ItemName>פתי בר מופחת סוכר 500 גרם אסם</ItemName>
      <ManufacturerName>לא ידוע</ManufacturerName>
      <ManufactureCountry />
      <ManufacturerItemDescription>פתי בר מופחת סוכר 50</ManufacturerItemDescription>
      <UnitQty>גרמים</UnitQty>
      <Quantity>500.00</Quantity>
      <bIsWeighted>0</bIsWeighted>
      <UnitOfMeasure>100 גרם</UnitOfMeasure>
      <QtyInPackage>1</QtyInPackage>
      <ItemPrice>15.90</ItemPrice>
      <UnitOfMeasurePrice>3.18</UnitOfMeasurePrice>
      <AllowDiscount>1</AllowDiscount>
      <ItemStatus>1</ItemStatus>
    </Item>
    <Item>
      <PriceUpdateDate>2025-06-06 05:56</PriceUpdateDate>
      <ItemCode>7290112966445</ItemCode>
      <ItemType>1</ItemType>
      <ItemName>במבה מתוקה אריזה גדולה 100 גרם</ItemName>
      <ManufacturerName>לא ידוע</ManufacturerName>
      <ManufactureCountry>ישראל</ManufactureCountry>
      <ManufacturerItemDescription>במבה מתוקה אריזה גדו</ManufacturerItemDescription>
      <UnitQty>גרמים</UnitQty>
      <Quantity>100.00</Quantity>
      <bIsWeighted>0</bIsWeighted>
      <UnitOfMeasure>100 גרם</UnitOfMeasure>
      <QtyInPackage>1</QtyInPackage>
      <ItemPrice>10.90</ItemPrice>
      <UnitOfMeasurePrice>10.90</UnitOfMeasurePrice>
      <AllowDiscount>1</AllowDiscount>
      <ItemStatus>1</ItemStatus>
    </Item>
    <Item>
      <PriceUpdateDate>2025-01-29 07:05</PriceUpdateDate>
      <ItemCode>7290112967381</ItemCode>
      <ItemType>1</ItemType>
      <ItemName>פיטנס חטיפי פריכיות קטניות ומלח ים 60 גר</ItemName>
      <ManufacturerName>לא ידוע</ManufacturerName>
      <ManufactureCountry />
      <ManufacturerItemDescription>פיטנס חטיפי פריכיות </ManufacturerItemDescription>
      <UnitQty>גרמים</UnitQty>
      <Quantity>60.00</Quantity>
      <bIsWeighted>0</bIsWeighted>
      <UnitOfMeasure>100 גרם</UnitOfMeasure>
      <QtyInPackage>1</QtyInPackage>
      <ItemPrice>12.90</ItemPrice>
      <UnitOfMeasurePrice>21.50</UnitOfMeasurePrice>
      <AllowDiscount>1</AllowDiscount>
      <ItemStatus>1</ItemStatus>
    </Item>
    <Item>
      <PriceUpdateDate>2023-01-05 10:20</PriceUpdateDate>
      <ItemCode>7290112968807</ItemCode>
      <ItemType>1</ItemType>
      <ItemName>פיטנס קרקר דק סלק 140 גרם</ItemName>
      <ManufacturerName>לא ידוע</ManufacturerName>
      <ManufactureCountry />
      <ManufacturerItemDescription>פיטנס קרקר דק סלק 14</ManufacturerItemDescription>
      <UnitQty>גרמים</UnitQty>
      <Quantity>140.00</Quantity>
      <bIsWeighted>0</bIsWeighted>
      <UnitOfMeasure>100 גרם</UnitOfMeasure>
      <QtyInPackage>1</QtyInPackage>
      <ItemPrice>14.90</ItemPrice>
      <UnitOfMeasurePrice>10.64</UnitOfMeasurePrice>
      <AllowDiscount>1</AllowDiscount>
      <ItemStatus>1</ItemStatus>
    </Item>
    <Item>
      <PriceUpdateDate>2023-01-05 10:20</PriceUpdateDate>
      <ItemCode>7290112968821</ItemCode>
      <ItemType>1</ItemType>
      <ItemName>פיטנס קרקר דק בטטה 140 גרם</ItemName>
      <ManufacturerName>לא ידוע</ManufacturerName>
      <ManufactureCountry />
      <ManufacturerItemDescription>פיטנס קרקר דק בטטה 1</ManufacturerItemDescription>
      <UnitQty>גרמים</UnitQty>
      <Quantity>140.00</Quantity>
      <bIsWeighted>0</bIsWeighted>
      <UnitOfMeasure>100 גרם</UnitOfMeasure>
      <QtyInPackage>1</QtyInPackage>
      <ItemPrice>14.90</ItemPrice>
      <UnitOfMeasurePrice>10.64</UnitOfMeasurePrice>
      <AllowDiscount>1</AllowDiscount>
      <ItemStatus>1</ItemStatus>
    </Item>
    <Item>
      <PriceUpdateDate>2025-06-06 05:55</PriceUpdateDate>
      <ItemCode>7290112969989</ItemCode>
      <ItemType>1</ItemType>
      <ItemName>מנה חמה נודלס קוריאני חריף 75גרם</ItemName>
      <ManufacturerName>לא ידוע</ManufacturerName>
      <ManufactureCountry>ישראל</ManufactureCountry>
      <ManufacturerItemDescription>מנה חמה נודלס קוריאנ</ManufacturerItemDescription>
      <UnitQty>גרמים</UnitQty>
      <Quantity>75.00</Quantity>
      <bIsWeighted>0</bIsWeighted>
      <UnitOfMeasure>100 גרם</UnitOfMeasure>
      <QtyInPackage>1</QtyInPackage>
      <ItemPrice>9.50</ItemPrice>
      <UnitOfMeasurePrice>12.67</UnitOfMeasurePrice>
      <AllowDiscount>1</AllowDiscount>
      <ItemStatus>1</ItemStatus>
    </Item>
    <Item>
      <PriceUpdateDate>2024-07-17 08:34</PriceUpdateDate>
      <ItemCode>7290113190450</ItemCode>
      <ItemType>1</ItemType>
      <ItemName>ממרח תמרים שאן 450 גרם</ItemName>
      <ManufacturerName>לא ידוע</ManufacturerName>
      <ManufactureCountry>לא ידוע</ManufactureCountry>
      <ManufacturerItemDescription>ממרח תמרים שאן 450 ג</ManufacturerItemDescription>
      <UnitQty>גרמים</UnitQty>
      <Quantity>450.00</Quantity>
      <bIsWeighted>0</bIsWeighted>
      <UnitOfMeasure>100 גרם</UnitOfMeasure>
      <QtyInPackage>1</QtyInPackage>
      <ItemPrice>9.40</ItemPrice>
      <UnitOfMeasurePrice>2.09</UnitOfMeasurePrice>
      <AllowDiscount>1</AllowDiscount>
      <ItemStatus>1</ItemStatus>
    </Item>
    <Item>
      <PriceUpdateDate>2025-03-25 06:55</PriceUpdateDate>
      <ItemCode>7290113192300</ItemCode>
      <ItemType>1</ItemType>
      <ItemName>זיתים מושחרים חרוזית  275 גרם בית השיטה</ItemName>
      <ManufacturerName>לא ידוע</ManufacturerName>
      <ManufactureCountry>ישראל</ManufactureCountry>
      <ManufacturerItemDescription>זיתים מושחרים חרוזית</ManufacturerItemDescription>
      <UnitQty>גרמים</UnitQty>
      <Quantity>275.00</Quantity>
      <bIsWeighted>0</bIsWeighted>
      <UnitOfMeasure>100 גרם</UnitOfMeasure>
      <QtyInPackage>1</QtyInPackage>
      <ItemPrice>17.90</ItemPrice>
      <UnitOfMeasurePrice>6.51</UnitOfMeasurePrice>
      <AllowDiscount>1</AllowDiscount>
      <ItemStatus>1</ItemStatus>
    </Item>
    <Item>
      <PriceUpdateDate>2024-12-11 07:16</PriceUpdateDate>
      <ItemCode>7290113192317</ItemCode>
      <ItemType>1</ItemType>
      <ItemName>טבעות זיתים מושחרים 280 גרם בית השיטה</ItemName>
      <ManufacturerName>לא ידוע</ManufacturerName>
      <ManufactureCountry>ישראל</ManufactureCountry>
      <ManufacturerItemDescription>טבעות זיתים מושחרים </ManufacturerItemDescription>
      <UnitQty>גרמים</UnitQty>
      <Quantity>280.00</Quantity>
      <bIsWeighted>0</bIsWeighted>
      <UnitOfMeasure>100 גרם</UnitOfMeasure>
      <QtyInPackage>1</QtyInPackage>
      <ItemPrice>18.90</ItemPrice>
      <UnitOfMeasurePrice>6.75</UnitOfMeasurePrice>
      <AllowDiscount>1</AllowDiscount>
      <ItemStatus>1</ItemStatus>
    </Item>
    <Item>
      <PriceUpdateDate>2025-09-10 12:48</PriceUpdateDate>
      <ItemCode>7290113192355</ItemCode>
      <ItemType>1</ItemType>
      <ItemName>זית חרוזית ירוק A2 בית השיטה 275 גרם</ItemName>
      <ManufacturerName>לא ידוע</ManufacturerName>
      <ManufactureCountry>לא ידוע</ManufactureCountry>
      <ManufacturerItemDescription>זית חרוזית ירוק A2 ב</ManufacturerItemDescription>
      <UnitQty>גרמים</UnitQty>
      <Quantity>275.00</Quantity>
      <bIsWeighted>0</bIsWeighted>
      <UnitOfMeasure>100 גרם</UnitOfMeasure>
      <QtyInPackage>1</QtyInPackage>
      <ItemPrice>19.90</ItemPrice>
      <UnitOfMeasurePrice>7.24</UnitOfMeasurePrice>
      <AllowDiscount>1</AllowDiscount>
      <ItemStatus>1</ItemStatus>
    </Item>
    <Item>
      <PriceUpdateDate>2025-09-16 12:36</PriceUpdateDate>
      <ItemCode>7290113192362</ItemCode>
      <ItemType>1</ItemType>
      <ItemName>זיתים ירוקים טבעות A2 בית השיטה 280 גרם</ItemName>
      <ManufacturerName>לא ידוע</ManufacturerName>
      <ManufactureCountry>ישראל</ManufactureCountry>
      <ManufacturerItemDescription>זיתים ירוקים טבעות A</ManufacturerItemDescription>
      <UnitQty>גרמים</UnitQty>
      <Quantity>280.00</Quantity>
      <bIsWeighted>0</bIsWeighted>
      <UnitOfMeasure>100 גרם</UnitOfMeasure>
      <QtyInPackage>1</QtyInPackage>
      <ItemPrice>21.90</ItemPrice>
      <UnitOfMeasurePrice>7.82</UnitOfMeasurePrice>
      <AllowDiscount>1</AllowDiscount>
      <ItemStatus>1</ItemStatus>
    </Item>
    <Item>
      <PriceUpdateDate>2024-12-11 07:16</PriceUpdateDate>
      <ItemCode>7290113192386</ItemCode>
      <ItemType>1</ItemType>
      <ItemName>זית סורי מבוקע A2 בית השיטה 340 גרם</ItemName>
      <ManufacturerName>לא ידוע</ManufacturerName>
      <ManufactureCountry>ישראל</ManufactureCountry>
      <ManufacturerItemDescription>זית סורי מבוקע A2 בי</ManufacturerItemDescription>
      <UnitQty>גרמים</UnitQty>
      <Quantity>666.00</Quantity>
      <bIsWeighted>0</bIsWeighted>
      <UnitOfMeasure>100 גרם</UnitOfMeasure>
      <QtyInPackage>1</QtyInPackage>
      <ItemPrice>19.90</ItemPrice>
      <UnitOfMeasurePrice>2.99</UnitOfMeasurePrice>
      <AllowDiscount>1</AllowDiscount>
      <ItemStatus>1</ItemStatus>
    </Item>
    <Item>
      <PriceUpdateDate>2024-01-01 09:24</PriceUpdateDate>
      <ItemCode>7290113192478</ItemCode>
      <ItemType>1</ItemType>
      <ItemName>מלפפונים במלח 10-12 בית השטה 320 גרם</ItemName>
      <ManufacturerName>לא ידוע</ManufacturerName>
      <ManufactureCountry>ישראל</ManufactureCountry>
      <ManufacturerItemDescription>מלפפונים במלח 10-12 </ManufacturerItemDescription>
      <UnitQty>גרמים</UnitQty>
      <Quantity>320.00</Quantity>
      <bIsWeighted>0</bIsWeighted>
      <UnitOfMeasure>100 גרם</UnitOfMeasure>
      <QtyInPackage>1</QtyInPackage>
      <ItemPrice>10.90</ItemPrice>
      <UnitOfMeasurePrice>3.41</UnitOfMeasurePrice>
      <AllowDiscount>1</AllowDiscount>
      <ItemStatus>1</ItemStatus>
    </Item>
    <Item>
      <PriceUpdateDate>2024-01-01 09:33</PriceUpdateDate>
      <ItemCode>7290113192485</ItemCode>
      <ItemType>1</ItemType>
      <ItemName>מלפפונים בחומץ 10-12 בית השטה 320 גרם</ItemName>
      <ManufacturerName>לא ידוע</ManufacturerName>
      <ManufactureCountry>ישראל</ManufactureCountry>
      <ManufacturerItemDescription>מלפפונים בחומץ 10-12</ManufacturerItemDescription>
      <UnitQty>גרמים</UnitQty>
      <Quantity>320.00</Quantity>
      <bIsWeighted>0</bIsWeighted>
      <UnitOfMeasure>100 גרם</UnitOfMeasure>
      <QtyInPackage>1</QtyInPackage>
      <ItemPrice>10.90</ItemPrice>
      <UnitOfMeasurePrice>3.41</UnitOfMeasurePrice>
      <AllowDiscount>1</AllowDiscount>
      <ItemStatus>1</ItemStatus>
    </Item>
    <Item>
      <PriceUpdateDate>2024-12-11 07:13</PriceUpdateDate>
      <ItemCode>7290113192492</ItemCode>
      <ItemType>1</ItemType>
      <ItemName>מלפפון בחומץ 17-13 בית השיטה 290 גרם</ItemName>
      <ManufacturerName>לא ידוע</ManufacturerName>
      <ManufactureCountry>ישראל</ManufactureCountry>
      <ManufacturerItemDescription>מלפפון בחומץ 17-13 ב</ManufacturerItemDescription>
      <UnitQty>גרמים</UnitQty>
      <Quantity>290.00</Quantity>
      <bIsWeighted>0</bIsWeighted>
      <UnitOfMeasure>100 גרם</UnitOfMeasure>
      <QtyInPackage>1</QtyInPackage>
      <ItemPrice>13.90</ItemPrice>
      <UnitOfMeasurePrice>4.79</UnitOfMeasurePrice>
      <AllowDiscount>1</AllowDiscount>
      <ItemStatus>1</ItemStatus>
    </Item>
    <Item>
      <PriceUpdateDate>2024-12-11 07:13</PriceUpdateDate>
      <ItemCode>7290113192508</ItemCode>
      <ItemType>1</ItemType>
      <ItemName>מלפפון במלח 17-13 בית השיטה 320 גרם</ItemName>
      <ManufacturerName>לא ידוע</ManufacturerName>
      <ManufactureCountry>ישראל</ManufactureCountry>
      <ManufacturerItemDescription>מלפפון במלח 17-13 בי</ManufacturerItemDescription>
      <UnitQty>גרמים</UnitQty>
      <Quantity>320.00</Quantity>
      <bIsWeighted>0</bIsWeighted>
      <UnitOfMeasure>100 גרם</UnitOfMeasure>
      <QtyInPackage>1</QtyInPackage>
      <ItemPrice>13.90</ItemPrice>
      <UnitOfMeasurePrice>4.34</UnitOfMeasurePrice>
      <AllowDiscount>1</AllowDiscount>
      <ItemStatus>1</ItemStatus>
    </Item>
    <Item>
      <PriceUpdateDate>2024-01-01 09:33</PriceUpdateDate>
      <ItemCode>7290113192515</ItemCode>
      <ItemType>1</ItemType>
      <ItemName>מלפפון במלח 18-25 320 גרם בית השיטה</ItemName>
      <ManufacturerName>לא ידוע</ManufacturerName>
      <ManufactureCountry>ישראל</ManufactureCountry>
      <ManufacturerItemDescription>מלפפון במלח 18-25 32</ManufacturerItemDescription>
      <UnitQty>גרמים</UnitQty>
      <Quantity>320.00</Quantity>
      <bIsWeighted>0</bIsWeighted>
      <UnitOfMeasure>100 גרם</UnitOfMeasure>
      <QtyInPackage>1</QtyInPackage>
      <ItemPrice>14.90</ItemPrice>
      <UnitOfMeasurePrice>4.66</UnitOfMeasurePrice>
      <AllowDiscount>1</AllowDiscount>
      <ItemStatus>1</ItemStatus>
    </Item>
    <Item>
      <PriceUpdateDate>2024-01-01 09:33</PriceUpdateDate>
      <ItemCode>7290113192522</ItemCode>
      <ItemType>1</ItemType>
      <ItemName>מלפפון בחומץ 18-25 290 גרם בית השיטה</ItemName>
      <ManufacturerName>לא ידוע</ManufacturerName>
      <ManufactureCountry>ישראל</ManufactureCountry>
      <ManufacturerItemDescription>מלפפון בחומץ 18-25 2</ManufacturerItemDescription>
      <UnitQty>גרמים</UnitQty>
      <Quantity>290.00</Quantity>
      <bIsWeighted>0</bIsWeighted>
      <UnitOfMeasure>100 גרם</UnitOfMeasure>
      <QtyInPackage>1</QtyInPackage>
      <ItemPrice>14.90</ItemPrice>
      <UnitOfMeasurePrice>5.14</UnitOfMeasurePrice>
      <AllowDiscount>1</AllowDiscount>
      <ItemStatus>1</ItemStatus>
    </Item>
    <Item>
      <PriceUpdateDate>2024-12-11 07:15</PriceUpdateDate>
      <ItemCode>7290113192546</ItemCode>
      <ItemType>1</ItemType>
      <ItemName>מלפפון בחומץ  7-9 בית השיטה 290 גר</ItemName>
      <ManufacturerName>לא ידוע</ManufacturerName>
      <ManufactureCountry>ישראל</ManufactureCountry>
      <ManufacturerItemDescription>מלפפון בחומץ  7-9 בי</ManufacturerItemDescription>
      <UnitQty>גרמים</UnitQty>
      <Quantity>290.00</Quantity>
      <bIsWeighted>0</bIsWeighted>
      <UnitOfMeasure>100 גרם</UnitOfMeasure>
      <QtyInPackage>1</QtyInPackage>
      <ItemPrice>9.90</ItemPrice>
      <UnitOfMeasurePrice>3.41</UnitOfMeasurePrice>
      <AllowDiscount>1</AllowDiscount>
      <ItemStatus>1</ItemStatus>
    </Item>
    <Item>
      <PriceUpdateDate>2024-12-11 07:15</PriceUpdateDate>
      <ItemCode>7290113192553</ItemCode>
      <ItemType>1</ItemType>
      <ItemName>מלפפונים במלח באלדי 13-17 בית השיטה 320ג</ItemName>
      <ManufacturerName>לא ידוע</ManufacturerName>
      <ManufactureCountry>ישראל</ManufactureCountry>
      <ManufacturerItemDescription>מלפפונים במלח באלדי </ManufacturerItemDescription>
      <UnitQty>גרמים</UnitQty>
      <Quantity>320.00</Quantity>
      <bIsWeighted>0</bIsWeighted>
      <UnitOfMeasure>100 גרם</UnitOfMeasure>
      <QtyInPackage>1</QtyInPackage>
      <ItemPrice>13.90</ItemPrice>
      <UnitOfMeasurePrice>4.34</UnitOfMeasurePrice>
      <AllowDiscount>1</AllowDiscount>
      <ItemStatus>1</ItemStatus>
    </Item>
    <Item>
      <PriceUpdateDate>2025-03-25 07:01</PriceUpdateDate>
      <ItemCode>7290113192560</ItemCode>
      <ItemType>1</ItemType>
      <ItemName>פלפל שיפקה  A2 בית השיטה 230 גרם</ItemName>
      <ManufacturerName>לא ידוע</ManufacturerName>
      <ManufactureCountry>ישראל</ManufactureCountry>
      <ManufacturerItemDescription>פלפל שיפקה  A2 בית ה</ManufacturerItemDescription>
      <UnitQty>גרמים</UnitQty>
      <Quantity>230.00</Quantity>
      <bIsWeighted>0</bIsWeighted>
      <UnitOfMeasure>100 גרם</UnitOfMeasure>
      <QtyInPackage>1</QtyInPackage>
      <ItemPrice>11.50</ItemPrice>
      <UnitOfMeasurePrice>5.00</UnitOfMeasurePrice>
      <AllowDiscount>1</AllowDiscount>
      <ItemStatus>1</ItemStatus>
    </Item>
    <Item>
      <PriceUpdateDate>2025-03-25 07:01</PriceUpdateDate>
      <ItemCode>7290113192577</ItemCode>
      <ItemType>1</ItemType>
      <ItemName>כרוב כבוש A2 בית השיטה 430 גרם</ItemName>
      <ManufacturerName>לא ידוע</ManufacturerName>
      <ManufactureCountry>ישראל</ManufactureCountry>
      <ManufacturerItemDescription>כרוב כבוש A2 בית השי</ManufacturerItemDescription>
      <UnitQty>גרמים</UnitQty>
      <Quantity>430.00</Quantity>
      <bIsWeighted>0</bIsWeighted>
      <UnitOfMeasure>100 גרם</UnitOfMeasure>
      <QtyInPackage>1</QtyInPackage>
      <ItemPrice>11.50</ItemPrice>
      <UnitOfMeasurePrice>2.67</UnitOfMeasurePrice>
      <AllowDiscount>1</AllowDiscount>
      <ItemStatus>1</ItemStatus>
    </Item>
    <Item>
      <PriceUpdateDate>2024-11-18 15:47</PriceUpdateDate>
      <ItemCode>7290113192881</ItemCode>
      <ItemType>1</ItemType>
      <ItemName>טורטיה חיטה מופחתת קלוריות 270 גרם</ItemName>
      <ManufacturerName>לא ידוע</ManufacturerName>
      <ManufactureCountry>תורכיה</ManufactureCountry>
      <ManufacturerItemDescription>טורטיה חיטה מופחתת ק</ManufacturerItemDescription>
      <UnitQty>גרמים</UnitQty>
      <Quantity>270.00</Quantity>
      <bIsWeighted>0</bIsWeighted>
      <UnitOfMeasure>100 גרם</UnitOfMeasure>
      <QtyInPackage>1</QtyInPackage>
      <ItemPrice>14.50</ItemPrice>
      <UnitOfMeasurePrice>5.37</UnitOfMeasurePrice>
      <AllowDiscount>1</AllowDiscount>
      <ItemStatus>1</ItemStatus>
    </Item>
    <Item>
      <PriceUpdateDate>2024-12-01 15:01</PriceUpdateDate>
      <ItemCode>7290113196513</ItemCode>
      <ItemType>1</ItemType>
      <ItemName>פריכיות כוסמת בתוספת שקדים 150 גרם</ItemName>
      <ManufacturerName>לא ידוע</ManufacturerName>
      <ManufactureCountry>ישראל</ManufactureCountry>
      <ManufacturerItemDescription>פריכיות כוסמת בתוספת</ManufacturerItemDescription>
      <UnitQty>גרמים</UnitQty>
      <Quantity>150.00</Quantity>
      <bIsWeighted>0</bIsWeighted>
      <UnitOfMeasure>100 גרם</UnitOfMeasure>
      <QtyInPackage>1</QtyInPackage>
      <ItemPrice>13.90</ItemPrice>
      <UnitOfMeasurePrice>9.27</UnitOfMeasurePrice>
      <AllowDiscount>1</AllowDiscount>
      <ItemStatus>1</ItemStatus>
    </Item>
    <Item>
      <PriceUpdateDate>2024-03-05 10:22</PriceUpdateDate>
      <ItemCode>7290113198579</ItemCode>
      <ItemType>1</ItemType>
      <ItemName>סוכריות גומי דובונים פירות שקדיה 150 גרם</ItemName>
      <ManufacturerName>לא ידוע</ManufacturerName>
      <ManufactureCountry>ישראל</ManufactureCountry>
      <ManufacturerItemDescription>סוכריות גומי דובונים</ManufacturerItemDescription>
      <UnitQty>גרמים</UnitQty>
      <Quantity>150.00</Quantity>
      <bIsWeighted>0</bIsWeighted>
      <UnitOfMeasure>100 גרם</UnitOfMeasure>
      <QtyInPackage>1</QtyInPackage>
      <ItemPrice>10.90</ItemPrice>
      <UnitOfMeasurePrice>7.27</UnitOfMeasurePrice>
      <AllowDiscount>1</AllowDiscount>
      <ItemStatus>1</ItemStatus>
    </Item>
    <Item>
      <PriceUpdateDate>2024-03-05 10:20</PriceUpdateDate>
      <ItemCode>7290113198609</ItemCode>
      <ItemType>1</ItemType>
      <ItemName>סוכריות גומי נחשים פירות שקדיה 150 גרם</ItemName>
      <ManufacturerName>לא ידוע</ManufacturerName>
      <ManufactureCountry>ישראל</ManufactureCountry>
      <ManufacturerItemDescription>סוכריות גומי נחשים פ</ManufacturerItemDescription>
      <UnitQty>גרמים</UnitQty>
      <Quantity>150.00</Quantity>
      <bIsWeighted>0</bIsWeighted>
      <UnitOfMeasure>100 גרם</UnitOfMeasure>
      <QtyInPackage>1</QtyInPackage>
      <ItemPrice>10.90</ItemPrice>
      <UnitOfMeasurePrice>7.27</UnitOfMeasurePrice>
      <AllowDiscount>1</AllowDiscount>
      <ItemStatus>1</ItemStatus>
    </Item>
    <Item>
      <PriceUpdateDate>2024-07-07 17:54</PriceUpdateDate>
      <ItemCode>7290113591998</ItemCode>
      <ItemType>1</ItemType>
      <ItemName>נר גדול ספרה 1 עם מעמד שחור - זהב מטאלי</ItemName>
      <ManufacturerName>לא ידוע</ManufacturerName>
      <ManufactureCountry>סין</ManufactureCountry>
      <ManufacturerItemDescription>נר  ספרה 1  זהב מטאל</ManufacturerItemDescription>
      <UnitQty>Unknown</UnitQty>
      <Quantity>0.00</Quantity>
      <bIsWeighted>0</bIsWeighted>
      <UnitOfMeasure>Unknown</UnitOfMeasure>
      <QtyInPackage>1</QtyInPackage>
      <ItemPrice>8.80</ItemPrice>
      <UnitOfMeasurePrice>8.80</UnitOfMeasurePrice>
      <AllowDiscount>1</AllowDiscount>
      <ItemStatus>1</ItemStatus>
    </Item>
    <Item>
      <PriceUpdateDate>2024-07-07 17:54</PriceUpdateDate>
      <ItemCode>7290113592469</ItemCode>
      <ItemType>1</ItemType>
      <ItemName>נר גדול ספרה 2 עם מעמד שחור - זהב מטאלי</ItemName>
      <ManufacturerName>לא ידוע</ManufacturerName>
      <ManufactureCountry>סין</ManufactureCountry>
      <ManufacturerItemDescription>נר  ספרה 2  זהב מטאל</ManufacturerItemDescription>
      <UnitQty>Unknown</UnitQty>
      <Quantity>0.00</Quantity>
      <bIsWeighted>0</bIsWeighted>
      <UnitOfMeasure>Unknown</UnitOfMeasure>
      <QtyInPackage>1</QtyInPackage>
      <ItemPrice>8.80</ItemPrice>
      <UnitOfMeasurePrice>8.80</UnitOfMeasurePrice>
      <AllowDiscount>1</AllowDiscount>
      <ItemStatus>1</ItemStatus>
    </Item>
    <Item>
      <PriceUpdateDate>2024-07-07 17:54</PriceUpdateDate>
      <ItemCode>7290113592476</ItemCode>
      <ItemType>1</ItemType>
      <ItemName>נר גדול ספרה 3 עם מעמד שחור - זהב מטאלי</ItemName>
      <ManufacturerName>לא ידוע</ManufacturerName>
      <ManufactureCountry>סין</ManufactureCountry>
      <ManufacturerItemDescription>נר  ספרה 3  זהב מטאל</ManufacturerItemDescription>
      <UnitQty>Unknown</UnitQty>
      <Quantity>0.00</Quantity>
      <bIsWeighted>0</bIsWeighted>
      <UnitOfMeasure>Unknown</UnitOfMeasure>
      <QtyInPackage>1</QtyInPackage>
      <ItemPrice>8.80</ItemPrice>
      <UnitOfMeasurePrice>8.80</UnitOfMeasurePrice>
      <AllowDiscount>1</AllowDiscount>
      <ItemStatus>1</ItemStatus>
    </Item>
    <Item>
      <PriceUpdateDate>2024-07-07 17:54</PriceUpdateDate>
      <ItemCode>7290113592483</ItemCode>
      <ItemType>1</ItemType>
      <ItemName>נר גדול ספרה 4 עם מעמד שחור - זהב מטאלי</ItemName>
      <ManufacturerName>לא ידוע</ManufacturerName>
      <ManufactureCountry>סין</ManufactureCountry>
      <ManufacturerItemDescription>נר  ספרה 4  זהב מטאל</ManufacturerItemDescription>
      <UnitQty>Unknown</UnitQty>
      <Quantity>0.00</Quantity>
      <bIsWeighted>0</bIsWeighted>
      <UnitOfMeasure>Unknown</UnitOfMeasure>
      <QtyInPackage>1</QtyInPackage>
      <ItemPrice>8.80</ItemPrice>
      <UnitOfMeasurePrice>8.80</UnitOfMeasurePrice>
      <AllowDiscount>1</AllowDiscount>
      <ItemStatus>1</ItemStatus>
    </Item>
    <Item>
      <PriceUpdateDate>2024-07-07 17:54</PriceUpdateDate>
      <ItemCode>7290113592605</ItemCode>
      <ItemType>1</ItemType>
      <ItemName>נר גדול ספרה 5 עם מעמד שחור - זהב מטאלי</ItemName>
      <ManufacturerName>לא ידוע</ManufacturerName>
      <ManufactureCountry>סין</ManufactureCountry>
      <ManufacturerItemDescription>נר  ספרה 5  זהב מטאל</ManufacturerItemDescription>
      <UnitQty>Unknown</UnitQty>
      <Quantity>0.00</Quantity>
      <bIsWeighted>0</bIsWeighted>
      <UnitOfMeasure>Unknown</UnitOfMeasure>
      <QtyInPackage>1</QtyInPackage>
      <ItemPrice>8.80</ItemPrice>
      <UnitOfMeasurePrice>8.80</UnitOfMeasurePrice>
      <AllowDiscount>1</AllowDiscount>
      <ItemStatus>1</ItemStatus>
    </Item>
    <Item>
      <PriceUpdateDate>2024-07-07 17:54</PriceUpdateDate>
      <ItemCode>7290113592612</ItemCode>
      <ItemType>1</ItemType>
      <ItemName>נר גדול ספרה 6 עם מעמד שחור - זהב מטאלי</ItemName>
      <ManufacturerName>לא ידוע</ManufacturerName>
      <ManufactureCountry>סין</ManufactureCountry>
      <ManufacturerItemDescription>נר  ספרה 6  זהב מטאל</ManufacturerItemDescription>
      <UnitQty>Unknown</UnitQty>
      <Quantity>0.00</Quantity>
      <bIsWeighted>0</bIsWeighted>
      <UnitOfMeasure>Unknown</UnitOfMeasure>
      <QtyInPackage>1</QtyInPackage>
      <ItemPrice>8.80</ItemPrice>
      <UnitOfMeasurePrice>8.80</UnitOfMeasurePrice>
      <AllowDiscount>1</AllowDiscount>
      <ItemStatus>1</ItemStatus>
    </Item>
    <Item>
      <PriceUpdateDate>2024-07-07 17:54</PriceUpdateDate>
      <ItemCode>7290113592629</ItemCode>
      <ItemType>1</ItemType>
      <ItemName>נר גדול ספרה 7 עם מעמד שחור - זהב מטאלי</ItemName>
      <ManufacturerName>לא ידוע</ManufacturerName>
      <ManufactureCountry>סין</ManufactureCountry>
      <ManufacturerItemDescription>נר  ספרה 7  זהב מטאל</ManufacturerItemDescription>
      <UnitQty>Unknown</UnitQty>
      <Quantity>0.00</Quantity>
      <bIsWeighted>0</bIsWeighted>
      <UnitOfMeasure>Unknown</UnitOfMeasure>
      <QtyInPackage>1</QtyInPackage>
      <ItemPrice>8.80</ItemPrice>
      <UnitOfMeasurePrice>8.80</UnitOfMeasurePrice>
      <AllowDiscount>1</AllowDiscount>
      <ItemStatus>1</ItemStatus>
    </Item>
    <Item>
      <PriceUpdateDate>2024-07-07 17:54</PriceUpdateDate>
      <ItemCode>7290113592643</ItemCode>
      <ItemType>1</ItemType>
      <ItemName>נר גדול ספרה 9 עם מעמד שחור - זהב מטאלי</ItemName>
      <ManufacturerName>לא ידוע</ManufacturerName>
      <ManufactureCountry>סין</ManufactureCountry>
      <ManufacturerItemDescription>נר  ספרה 9  זהב מטאל</ManufacturerItemDescription>
      <UnitQty>Unknown</UnitQty>
      <Quantity>0.00</Quantity>
      <bIsWeighted>0</bIsWeighted>
      <UnitOfMeasure>Unknown</UnitOfMeasure>
      <QtyInPackage>1</QtyInPackage>
      <ItemPrice>8.80</ItemPrice>
      <UnitOfMeasurePrice>8.80</UnitOfMeasurePrice>
      <AllowDiscount>1</AllowDiscount>
      <ItemStatus>1</ItemStatus>
    </Item>
    <Item>
      <PriceUpdateDate>2024-03-18 19:23</PriceUpdateDate>
      <ItemCode>7290114152341</ItemCode>
      <ItemType>1</ItemType>
      <ItemName>סבון ידיים צמחי מנדרינה 500 מ"ל</ItemName>
      <ManufacturerName>לא ידוע</ManufacturerName>
      <ManufactureCountry />
      <ManufacturerItemDescription>סבון ידיים צמחי מנדר</ManufacturerItemDescription>
      <UnitQty>מיליליטרים</UnitQty>
      <Quantity>500.00</Quantity>
      <bIsWeighted>0</bIsWeighted>
      <UnitOfMeasure>100 מ"ל</UnitOfMeasure>
      <QtyInPackage>1</QtyInPackage>
      <ItemPrice>20.90</ItemPrice>
      <UnitOfMeasurePrice>4.18</UnitOfMeasurePrice>
      <AllowDiscount>1</AllowDiscount>
      <ItemStatus>1</ItemStatus>
    </Item>
    <Item>
      <PriceUpdateDate>2022-12-12 15:12</PriceUpdateDate>
      <ItemCode>7290114310406</ItemCode>
      <ItemType>1</ItemType>
      <ItemName>מולר פרופ יוגורט מוקצף בטעם תות 95 גרם</ItemName>
      <ManufacturerName>לא ידוע</ManufacturerName>
      <ManufactureCountry>ישראל</ManufactureCountry>
      <ManufacturerItemDescription>מולר פרופ יוגורט מוק</ManufacturerItemDescription>
      <UnitQty>גרמים</UnitQty>
      <Quantity>95.00</Quantity>
      <bIsWeighted>0</bIsWeighted>
      <UnitOfMeasure>100 גרם</UnitOfMeasure>
      <QtyInPackage>1</QtyInPackage>
      <ItemPrice>5.90</ItemPrice>
      <UnitOfMeasurePrice>6.21</UnitOfMeasurePrice>
      <AllowDiscount>1</AllowDiscount>
      <ItemStatus>1</ItemStatus>
    </Item>
    <Item>
      <PriceUpdateDate>2025-02-27 09:58</PriceUpdateDate>
      <ItemCode>7290114310536</ItemCode>
      <ItemType>1</ItemType>
      <ItemName>מולר אקטיב לייט יוגורט 25 ג חלבון 0% שו</ItemName>
      <ManufacturerName>לא ידוע</ManufacturerName>
      <ManufactureCountry>ישראל</ManufactureCountry>
      <ManufacturerItemDescription>מולר אקטיב לייט     </ManufacturerItemDescription>
      <UnitQty>גרמים</UnitQty>
      <Quantity>200.00</Quantity>
      <bIsWeighted>0</bIsWeighted>
      <UnitOfMeasure>100 גרם</UnitOfMeasure>
      <QtyInPackage>1</QtyInPackage>
      <ItemPrice>8.60</ItemPrice>
      <UnitOfMeasurePrice>4.30</UnitOfMeasurePrice>
      <AllowDiscount>1</AllowDiscount>
      <ItemStatus>1</ItemStatus>
    </Item>
    <Item>
      <PriceUpdateDate>2025-05-23 08:11</PriceUpdateDate>
      <ItemCode>7290114311069</ItemCode>
      <ItemType>1</ItemType>
      <ItemName>מולר אקטיב 25 ג חלבון 0% שומן 150 גרם</ItemName>
      <ManufacturerName>לא ידוע</ManufacturerName>
      <ManufactureCountry>ישראל</ManufactureCountry>
      <ManufacturerItemDescription>מולר אקטיב 25 ג חלבו</ManufacturerItemDescription>
      <UnitQty>גרמים</UnitQty>
      <Quantity>150.00</Quantity>
      <bIsWeighted>0</bIsWeighted>
      <UnitOfMeasure>100 גרם</UnitOfMeasure>
      <QtyInPackage>1</QtyInPackage>
      <ItemPrice>7.90</ItemPrice>
      <UnitOfMeasurePrice>5.27</UnitOfMeasurePrice>
      <AllowDiscount>1</AllowDiscount>
      <ItemStatus>1</ItemStatus>
    </Item>
    <Item>
      <PriceUpdateDate>2025-05-23 08:11</PriceUpdateDate>
      <ItemCode>7290114311328</ItemCode>
      <ItemType>1</ItemType>
      <ItemName>חלב נטול לקטוז מועשר בוויטמין D 2% 1 ל טרה</ItemName>
      <ManufacturerName>לא ידוע</ManufacturerName>
      <ManufactureCountry />
      <ManufacturerItemDescription>חלב נטול לקטוז מועשר</ManufacturerItemDescription>
      <UnitQty>מיליליטרים</UnitQty>
      <Quantity>1000.00</Quantity>
      <bIsWeighted>0</bIsWeighted>
      <UnitOfMeasure>100 מ"ל</UnitOfMeasure>
      <QtyInPackage>1</QtyInPackage>
      <ItemPrice>12.60</ItemPrice>
      <UnitOfMeasurePrice>1.26</UnitOfMeasurePrice>
      <AllowDiscount>1</AllowDiscount>
      <ItemStatus>1</ItemStatus>
    </Item>
    <Item>
      <PriceUpdateDate>2025-09-14 16:11</PriceUpdateDate>
      <ItemCode>7290114313698</ItemCode>
      <ItemType>1</ItemType>
      <ItemName>מולר פרופ קציפת פרי בטעם מרגריטה 150 גרם</ItemName>
      <ManufacturerName>לא ידוע</ManufacturerName>
      <ManufactureCountry>IL</ManufactureCountry>
      <ManufacturerItemDescription>מולר פרופ קציפת פרי </ManufacturerItemDescription>
      <UnitQty>גרמים</UnitQty>
      <Quantity>150.00</Quantity>
      <bIsWeighted>0</bIsWeighted>
      <UnitOfMeasure>100 גרם</UnitOfMeasure>
      <QtyInPackage>1</QtyInPackage>
      <ItemPrice>6.40</ItemPrice>
      <UnitOfMeasurePrice>4.27</UnitOfMeasurePrice>
      <AllowDiscount>1</AllowDiscount>
      <ItemStatus>1</ItemStatus>
    </Item>
    <Item>
      <PriceUpdateDate>2025-09-14 16:11</PriceUpdateDate>
      <ItemCode>7290114313704</ItemCode>
      <ItemType>1</ItemType>
      <ItemName>מולר פרופ קציפת פרי בטעם מוחיטו 150 גרם</ItemName>
      <ManufacturerName>לא ידוע</ManufacturerName>
      <ManufactureCountry>IL</ManufactureCountry>
      <ManufacturerItemDescription>מולר פרופ קציפת פרי </ManufacturerItemDescription>
      <UnitQty>גרמים</UnitQty>
      <Quantity>150.00</Quantity>
      <bIsWeighted>0</bIsWeighted>
      <UnitOfMeasure>100 גרם</UnitOfMeasure>
      <QtyInPackage>1</QtyInPackage>
      <ItemPrice>6.40</ItemPrice>
      <UnitOfMeasurePrice>4.27</UnitOfMeasurePrice>
      <AllowDiscount>1</AllowDiscount>
      <ItemStatus>1</ItemStatus>
    </Item>
    <Item>
      <PriceUpdateDate>2025-05-25 10:53</PriceUpdateDate>
      <ItemCode>7290114313865</ItemCode>
      <ItemType>1</ItemType>
      <ItemName>חלב נטול לקטוז מועשר בחלבון 2% שומן</ItemName>
      <ManufacturerName>לא ידוע</ManufacturerName>
      <ManufactureCountry>ישראל</ManufactureCountry>
      <ManufacturerItemDescription>חלב נטול לקטוז מועשר</ManufacturerItemDescription>
      <UnitQty>מיליליטרים</UnitQty>
      <Quantity>1000.00</Quantity>
      <bIsWeighted>0</bIsWeighted>
      <UnitOfMeasure>100 מ"ל</UnitOfMeasure>
      <QtyInPackage>1</QtyInPackage>
      <ItemPrice>15.90</ItemPrice>
      <UnitOfMeasurePrice>1.59</UnitOfMeasurePrice>
      <AllowDiscount>1</AllowDiscount>
      <ItemStatus>1</ItemStatus>
    </Item>
    <Item>
      <PriceUpdateDate>2025-01-29 07:05</PriceUpdateDate>
      <ItemCode>7290114600927</ItemCode>
      <ItemType>1</ItemType>
      <ItemName>מנה עלי טורטיה חיט מלאה מ.שף 320 גר</ItemName>
      <ManufacturerName>מישן פוד</ManufacturerName>
      <ManufactureCountry />
      <ManufacturerItemDescription>עלי טורטיה חיטה מלאה</ManufacturerItemDescription>
      <UnitQty>גרמים</UnitQty>
      <Quantity>320.00</Quantity>
      <bIsWeighted>0</bIsWeighted>
      <UnitOfMeasure>100 גרם</UnitOfMeasure>
      <QtyInPackage>1</QtyInPackage>
      <ItemPrice>12.90</ItemPrice>
      <UnitOfMeasurePrice>4.03</UnitOfMeasurePrice>
      <AllowDiscount>1</AllowDiscount>
      <ItemStatus>1</ItemStatus>
    </Item>
    <Item>
      <PriceUpdateDate>2025-10-19 15:19</PriceUpdateDate>
      <ItemCode>7290114600941</ItemCode>
      <ItemType>1</ItemType>
      <ItemName>מיונז לחיץ מאסטר שף 435 גרם</ItemName>
      <ManufacturerName>לא ידוע</ManufacturerName>
      <ManufactureCountry>הולנד</ManufactureCountry>
      <ManufacturerItemDescription>מיונז לחיץ מאסטר שף </ManufacturerItemDescription>
      <UnitQty>גרמים</UnitQty>
      <Quantity>435.00</Quantity>
      <bIsWeighted>0</bIsWeighted>
      <UnitOfMeasure>100 גרם</UnitOfMeasure>
      <QtyInPackage>1</QtyInPackage>
      <ItemPrice>22.90</ItemPrice>
      <UnitOfMeasurePrice>5.26</UnitOfMeasurePrice>
      <AllowDiscount>1</AllowDiscount>
      <ItemStatus>1</ItemStatus>
    </Item>
    <Item>
      <PriceUpdateDate>2024-07-17 08:35</PriceUpdateDate>
      <ItemCode>7290114600989</ItemCode>
      <ItemType>1</ItemType>
      <ItemName>רוטב אלף האיים מאסטר שף 250 מ"ל</ItemName>
      <ManufacturerName>לא ידוע</ManufacturerName>
      <ManufactureCountry>הולנד</ManufactureCountry>
      <ManufacturerItemDescription>רוטב אלף האיים מאסטר</ManufacturerItemDescription>
      <UnitQty>מיליליטרים</UnitQty>
      <Quantity>250.00</Quantity>
      <bIsWeighted>0</bIsWeighted>
      <UnitOfMeasure>100 מ"ל</UnitOfMeasure>
      <QtyInPackage>1</QtyInPackage>
      <ItemPrice>11.00</ItemPrice>
      <UnitOfMeasurePrice>4.40</UnitOfMeasurePrice>
      <AllowDiscount>1</AllowDiscount>
      <ItemStatus>1</ItemStatus>
    </Item>
    <Item>
      <PriceUpdateDate>2025-10-19 15:19</PriceUpdateDate>
      <ItemCode>7290114603508</ItemCode>
      <ItemType>1</ItemType>
      <ItemName>רוטב להקפצה מאסטר שף 300 מ"ל</ItemName>
      <ManufacturerName>לא ידוע</ManufacturerName>
      <ManufactureCountry>תאילנד</ManufactureCountry>
      <ManufacturerItemDescription>רוטב להקפצה מאסטר שף</ManufacturerItemDescription>
      <UnitQty>מיליליטרים</UnitQty>
      <Quantity>300.00</Quantity>
      <bIsWeighted>0</bIsWeighted>
      <UnitOfMeasure>100 מ"ל</UnitOfMeasure>
      <QtyInPackage>1</QtyInPackage>
      <ItemPrice>15.90</ItemPrice>
      <UnitOfMeasurePrice>5.30</UnitOfMeasurePrice>
      <AllowDiscount>1</AllowDiscount>
      <ItemStatus>1</ItemStatus>
    </Item>
    <Item>
      <PriceUpdateDate>2025-03-06 18:44</PriceUpdateDate>
      <ItemCode>7290114604864</ItemCode>
      <ItemType>1</ItemType>
      <ItemName>קוסקוס סולת דק מאסטר שף 350 גרם</ItemName>
      <ManufacturerName>לא ידוע</ManufacturerName>
      <ManufactureCountry>IL</ManufactureCountry>
      <ManufacturerItemDescription>קוסקוס סולת דק מאסטר</ManufacturerItemDescription>
      <UnitQty>גרמים</UnitQty>
      <Quantity>350.00</Quantity>
      <bIsWeighted>0</bIsWeighted>
      <UnitOfMeasure>100 גרם</UnitOfMeasure>
      <QtyInPackage>1</QtyInPackage>
      <ItemPrice>6.90</ItemPrice>
      <UnitOfMeasurePrice>1.97</UnitOfMeasurePrice>
      <AllowDiscount>1</AllowDiscount>
      <ItemStatus>1</ItemStatus>
    </Item>
    <Item>
      <PriceUpdateDate>2025-03-06 18:44</PriceUpdateDate>
      <ItemCode>7290114604871</ItemCode>
      <ItemType>1</ItemType>
      <ItemName>קוסקוס סולת בינוני מאסטר שף 350 גרם</ItemName>
      <ManufacturerName>לא ידוע</ManufacturerName>
      <ManufactureCountry>IL</ManufactureCountry>
      <ManufacturerItemDescription>קוסקוס סולת בינוני מ</ManufacturerItemDescription>
      <UnitQty>גרמים</UnitQty>
      <Quantity>350.00</Quantity>
      <bIsWeighted>0</bIsWeighted>
      <UnitOfMeasure>100 גרם</UnitOfMeasure>
      <QtyInPackage>1</QtyInPackage>
      <ItemPrice>7.50</ItemPrice>
      <UnitOfMeasurePrice>2.14</UnitOfMeasurePrice>
      <AllowDiscount>1</AllowDiscount>
      <ItemStatus>1</ItemStatus>
    </Item>
    <Item>
      <PriceUpdateDate>2025-03-06 18:44</PriceUpdateDate>
      <ItemCode>7290114604925</ItemCode>
      <ItemType>1</ItemType>
      <ItemName>קרם קוקוס לייט מאסטר שף 400 מ"ל</ItemName>
      <ManufacturerName>לא ידוע</ManufacturerName>
      <ManufactureCountry />
      <ManufacturerItemDescription>קרם קוקוס לייט מאסטר</ManufacturerItemDescription>
      <UnitQty>מיליליטרים</UnitQty>
      <Quantity>400.00</Quantity>
      <bIsWeighted>0</bIsWeighted>
      <UnitOfMeasure>100 מ"ל</UnitOfMeasure>
      <QtyInPackage>1</QtyInPackage>
      <ItemPrice>12.20</ItemPrice>
      <UnitOfMeasurePrice>3.05</UnitOfMeasurePrice>
      <AllowDiscount>1</AllowDiscount>
      <ItemStatus>1</ItemStatus>
    </Item>
    <Item>
      <PriceUpdateDate>2025-02-24 11:05</PriceUpdateDate>
      <ItemCode>7290114604963</ItemCode>
      <ItemType>1</ItemType>
      <ItemName>מאסטר שף פירורי לחם מתובלים 230 גרם</ItemName>
      <ManufacturerName>לא ידוע</ManufacturerName>
      <ManufactureCountry />
      <ManufacturerItemDescription>מאסטר שף פירורי לחם </ManufacturerItemDescription>
      <UnitQty>גרמים</UnitQty>
      <Quantity>230.00</Quantity>
      <bIsWeighted>0</bIsWeighted>
      <UnitOfMeasure>100 גרם</UnitOfMeasure>
      <QtyInPackage>1</QtyInPackage>
      <ItemPrice>9.50</ItemPrice>
      <UnitOfMeasurePrice>4.13</UnitOfMeasurePrice>
      <AllowDiscount>1</AllowDiscount>
      <ItemStatus>1</ItemStatus>
    </Item>
    <Item>
      <PriceUpdateDate>2025-02-27 10:01</PriceUpdateDate>
      <ItemCode>7290114606578</ItemCode>
      <ItemType>1</ItemType>
      <ItemName>שקדי מרק מאסטר שף 400 גרם</ItemName>
      <ManufacturerName>לא ידוע</ManufacturerName>
      <ManufactureCountry>ישראל</ManufactureCountry>
      <ManufacturerItemDescription>שקדי מרק מאסטר שף 40</ManufacturerItemDescription>
      <UnitQty>גרמים</UnitQty>
      <Quantity>400.00</Quantity>
      <bIsWeighted>0</bIsWeighted>
      <UnitOfMeasure>100 גרם</UnitOfMeasure>
      <QtyInPackage>1</QtyInPackage>
      <ItemPrice>12.10</ItemPrice>
      <UnitOfMeasurePrice>3.03</UnitOfMeasurePrice>
      <AllowDiscount>1</AllowDiscount>
      <ItemStatus>1</ItemStatus>
    </Item>
    <Item>
      <PriceUpdateDate>2025-10-19 15:19</PriceUpdateDate>
      <ItemCode>7290114608589</ItemCode>
      <ItemType>1</ItemType>
      <ItemName>רוטב טראיקי מאסטר שף 700 מ"ל</ItemName>
      <ManufacturerName>לא ידוע</ManufacturerName>
      <ManufactureCountry>תאילנד</ManufactureCountry>
      <ManufacturerItemDescription>רוטב טראיקי מאסטר שף</ManufacturerItemDescription>
      <UnitQty>מיליליטרים</UnitQty>
      <Quantity>700.00</Quantity>
      <bIsWeighted>0</bIsWeighted>
      <UnitOfMeasure>100 מ"ל</UnitOfMeasure>
      <QtyInPackage>1</QtyInPackage>
      <ItemPrice>19.90</ItemPrice>
      <UnitOfMeasurePrice>2.84</UnitOfMeasurePrice>
      <AllowDiscount>1</AllowDiscount>
      <ItemStatus>1</ItemStatus>
    </Item>
    <Item>
      <PriceUpdateDate>2023-07-24 17:58</PriceUpdateDate>
      <ItemCode>7290115110036</ItemCode>
      <ItemType>1</ItemType>
      <ItemName>נקניקיות ווינר 500 גרם</ItemName>
      <ManufacturerName>לא ידוע</ManufacturerName>
      <ManufactureCountry>IL</ManufactureCountry>
      <ManufacturerItemDescription>נקניקיות ווינר 500 ג</ManufacturerItemDescription>
      <UnitQty>גרמים</UnitQty>
      <Quantity>500.00</Quantity>
      <bIsWeighted>0</bIsWeighted>
      <UnitOfMeasure>100 גרם</UnitOfMeasure>
      <QtyInPackage>1</QtyInPackage>
      <ItemPrice>32.90</ItemPrice>
      <UnitOfMeasurePrice>6.58</UnitOfMeasurePrice>
      <AllowDiscount>1</AllowDiscount>
      <ItemStatus>1</ItemStatus>
    </Item>
    <Item>
      <PriceUpdateDate>2025-02-24 11:07</PriceUpdateDate>
      <ItemCode>7290115110111</ItemCode>
      <ItemType>1</ItemType>
      <ItemName>צוריסוס לבן קפוא</ItemName>
      <ManufacturerName>לא ידוע</ManufacturerName>
      <ManufactureCountry>IL</ManufactureCountry>
      <ManufacturerItemDescription>צוריסוס לבן קפוא    </ManufacturerItemDescription>
      <UnitQty>Unknown</UnitQty>
      <Quantity>0.00</Quantity>
      <bIsWeighted>1</bIsWeighted>
      <UnitOfMeasure>ק"ג</UnitOfMeasure>
      <QtyInPackage>0</QtyInPackage>
      <ItemPrice>88.90</ItemPrice>
      <UnitOfMeasurePrice>88.90</UnitOfMeasurePrice>
      <AllowDiscount>1</AllowDiscount>
      <ItemStatus>1</ItemStatus>
    </Item>
    <Item>
      <PriceUpdateDate>2024-11-06 08:15</PriceUpdateDate>
      <ItemCode>7290115110647</ItemCode>
      <ItemType>1</ItemType>
      <ItemName>פריזר ילדים 400 גרם</ItemName>
      <ManufacturerName>לא ידוע</ManufacturerName>
      <ManufactureCountry>IL</ManufactureCountry>
      <ManufacturerItemDescription>פריזר ילדים 400 גרם </ManufacturerItemDescription>
      <UnitQty>גרמים</UnitQty>
      <Quantity>400.00</Quantity>
      <bIsWeighted>0</bIsWeighted>
      <UnitOfMeasure>100 גרם</UnitOfMeasure>
      <QtyInPackage>0</QtyInPackage>
      <ItemPrice>36.90</ItemPrice>
      <UnitOfMeasurePrice>9.23</UnitOfMeasurePrice>
      <AllowDiscount>1</AllowDiscount>
      <ItemStatus>1</ItemStatus>
    </Item>
    <Item>
      <PriceUpdateDate>2024-11-17 13:15</PriceUpdateDate>
      <ItemCode>7290115110692</ItemCode>
      <ItemType>1</ItemType>
      <ItemName>סלמי תה רוסי</ItemName>
      <ManufacturerName>לא ידוע</ManufacturerName>
      <ManufactureCountry>IL</ManufactureCountry>
      <ManufacturerItemDescription>נקניק תה רוסי       </ManufacturerItemDescription>
      <UnitQty>Unknown</UnitQty>
      <Quantity>0.00</Quantity>
      <bIsWeighted>1</bIsWeighted>
      <UnitOfMeasure>ק"ג</UnitOfMeasure>
      <QtyInPackage>0</QtyInPackage>
      <ItemPrice>83.00</ItemPrice>
      <UnitOfMeasurePrice>83.00</UnitOfMeasurePrice>
      <AllowDiscount>1</AllowDiscount>
      <ItemStatus>1</ItemStatus>
    </Item>
    <Item>
      <PriceUpdateDate>2024-11-06 08:16</PriceUpdateDate>
      <ItemCode>7290115110883</ItemCode>
      <ItemType>1</ItemType>
      <ItemName>סרוולד של סבא</ItemName>
      <ManufacturerName>לא ידוע</ManufacturerName>
      <ManufactureCountry>IL</ManufactureCountry>
      <ManufacturerItemDescription>סרוולד של סבא       </ManufacturerItemDescription>
      <UnitQty>Unknown</UnitQty>
      <Quantity>0.00</Quantity>
      <bIsWeighted>1</bIsWeighted>
      <UnitOfMeasure>ק"ג</UnitOfMeasure>
      <QtyInPackage>0</QtyInPackage>
      <ItemPrice>200.00</ItemPrice>
      <UnitOfMeasurePrice>200.00</UnitOfMeasurePrice>
      <AllowDiscount>1</AllowDiscount>
      <ItemStatus>1</ItemStatus>
    </Item>
    <Item>
      <PriceUpdateDate>2024-11-17 13:15</PriceUpdateDate>
      <ItemCode>7290115111101</ItemCode>
      <ItemType>1</ItemType>
      <ItemName>שינקן זילבר</ItemName>
      <ManufacturerName>לא ידוע</ManufacturerName>
      <ManufactureCountry>IL</ManufactureCountry>
      <ManufacturerItemDescription>שינקן זילבר         </ManufacturerItemDescription>
      <UnitQty>Unknown</UnitQty>
      <Quantity>0.00</Quantity>
      <bIsWeighted>1</bIsWeighted>
      <UnitOfMeasure>ק"ג</UnitOfMeasure>
      <QtyInPackage>0</QtyInPackage>
      <ItemPrice>169.00</ItemPrice>
      <UnitOfMeasurePrice>169.00</UnitOfMeasurePrice>
      <AllowDiscount>1</AllowDiscount>
      <ItemStatus>1</ItemStatus>
    </Item>
    <Item>
      <PriceUpdateDate>2024-11-17 13:16</PriceUpdateDate>
      <ItemCode>7290115111163</ItemCode>
      <ItemType>1</ItemType>
      <ItemName>וירגינה שינקן זילבר</ItemName>
      <ManufacturerName>לא ידוע</ManufacturerName>
      <ManufactureCountry>IL</ManufactureCountry>
      <ManufacturerItemDescription>וירגינה שינקן זילבר </ManufacturerItemDescription>
      <UnitQty>Unknown</UnitQty>
      <Quantity>0.00</Quantity>
      <bIsWeighted>1</bIsWeighted>
      <UnitOfMeasure>ק"ג</UnitOfMeasure>
      <QtyInPackage>0</QtyInPackage>
      <ItemPrice>195.00</ItemPrice>
      <UnitOfMeasurePrice>195.00</UnitOfMeasurePrice>
      <AllowDiscount>1</AllowDiscount>
      <ItemStatus>1</ItemStatus>
    </Item>
    <Item>
      <PriceUpdateDate>2024-11-06 08:15</PriceUpdateDate>
      <ItemCode>7290115111262</ItemCode>
      <ItemType>1</ItemType>
      <ItemName>שוק איטלקי מעושן</ItemName>
      <ManufacturerName>לא ידוע</ManufacturerName>
      <ManufactureCountry>IL</ManufactureCountry>
      <ManufacturerItemDescription>שוק איטלקי מעושן    </ManufacturerItemDescription>
      <UnitQty>Unknown</UnitQty>
      <Quantity>0.00</Quantity>
      <bIsWeighted>1</bIsWeighted>
      <UnitOfMeasure>ק"ג</UnitOfMeasure>
      <QtyInPackage>0</QtyInPackage>
      <ItemPrice>185.00</ItemPrice>
      <UnitOfMeasurePrice>185.00</UnitOfMeasurePrice>
      <AllowDiscount>1</AllowDiscount>
      <ItemStatus>1</ItemStatus>
    </Item>
    <Item>
      <PriceUpdateDate>2024-10-15 15:14</PriceUpdateDate>
      <ItemCode>7290115111507</ItemCode>
      <ItemType>1</ItemType>
      <ItemName>שפק מבושל מעושן במשקל</ItemName>
      <ManufacturerName>לא ידוע</ManufacturerName>
      <ManufactureCountry>IL</ManufactureCountry>
      <ManufacturerItemDescription>שפק מבושל מעושן במשק</ManufacturerItemDescription>
      <UnitQty>Unknown</UnitQty>
      <Quantity>0.00</Quantity>
      <bIsWeighted>1</bIsWeighted>
      <UnitOfMeasure>ק"ג</UnitOfMeasure>
      <QtyInPackage>0</QtyInPackage>
      <ItemPrice>220.00</ItemPrice>
      <UnitOfMeasurePrice>220.00</UnitOfMeasurePrice>
      <AllowDiscount>1</AllowDiscount>
      <ItemStatus>1</ItemStatus>
    </Item>
    <Item>
      <PriceUpdateDate>2024-11-17 13:15</PriceUpdateDate>
      <ItemCode>7290115112016</ItemCode>
      <ItemType>1</ItemType>
      <ItemName>קורנדביף קרמל</ItemName>
      <ManufacturerName>לא ידוע</ManufacturerName>
      <ManufactureCountry>IL</ManufactureCountry>
      <ManufacturerItemDescription>קורנדביף קרמל       </ManufacturerItemDescription>
      <UnitQty>Unknown</UnitQty>
      <Quantity>0.00</Quantity>
      <bIsWeighted>1</bIsWeighted>
      <UnitOfMeasure>ק"ג</UnitOfMeasure>
      <QtyInPackage>0</QtyInPackage>
      <ItemPrice>135.00</ItemPrice>
      <UnitOfMeasurePrice>135.00</UnitOfMeasurePrice>
      <AllowDiscount>1</AllowDiscount>
      <ItemStatus>1</ItemStatus>
    </Item>
    <Item>
      <PriceUpdateDate>2024-11-17 13:16</PriceUpdateDate>
      <ItemCode>7290115112160</ItemCode>
      <ItemType>1</ItemType>
      <ItemName>חזה הודו ברביקיו זילבר</ItemName>
      <ManufacturerName>לא ידוע</ManufacturerName>
      <ManufactureCountry>IL</ManufactureCountry>
      <ManufacturerItemDescription>חזה הודו ברביקיו זיל</ManufacturerItemDescription>
      <UnitQty>Unknown</UnitQty>
      <Quantity>0.00</Quantity>
      <bIsWeighted>1</bIsWeighted>
      <UnitOfMeasure>ק"ג</UnitOfMeasure>
      <QtyInPackage>0</QtyInPackage>
      <ItemPrice>85.00</ItemPrice>
      <UnitOfMeasurePrice>85.00</UnitOfMeasurePrice>
      <AllowDiscount>1</AllowDiscount>
      <ItemStatus>1</ItemStatus>
    </Item>
    <Item>
      <PriceUpdateDate>2024-11-06 08:15</PriceUpdateDate>
      <ItemCode>7290115112467</ItemCode>
      <ItemType>1</ItemType>
      <ItemName>מעדן הודו אווז</ItemName>
      <ManufacturerName>לא ידוע</ManufacturerName>
      <ManufactureCountry>IL</ManufactureCountry>
      <ManufacturerItemDescription>מעדן הודו אווז      </ManufacturerItemDescription>
      <UnitQty>Unknown</UnitQty>
      <Quantity>0.00</Quantity>
      <bIsWeighted>1</bIsWeighted>
      <UnitOfMeasure>ק"ג</UnitOfMeasure>
      <QtyInPackage>0</QtyInPackage>
      <ItemPrice>128.00</ItemPrice>
      <UnitOfMeasurePrice>128.00</UnitOfMeasurePrice>
      <AllowDiscount>1</AllowDiscount>
      <ItemStatus>1</ItemStatus>
    </Item>
    <Item>
      <PriceUpdateDate>2025-07-10 11:19</PriceUpdateDate>
      <ItemCode>7290115113587</ItemCode>
      <ItemType>1</ItemType>
      <ItemName>נקניקיות סוצי 500 גרם</ItemName>
      <ManufacturerName>לא ידוע</ManufacturerName>
      <ManufactureCountry>IL</ManufactureCountry>
      <ManufacturerItemDescription>נקניקיות סוצי 500 גר</ManufacturerItemDescription>
      <UnitQty>גרמים</UnitQty>
      <Quantity>500.00</Quantity>
      <bIsWeighted>0</bIsWeighted>
      <UnitOfMeasure>100 גרם</UnitOfMeasure>
      <QtyInPackage>1</QtyInPackage>
      <ItemPrice>38.90</ItemPrice>
      <UnitOfMeasurePrice>7.78</UnitOfMeasurePrice>
      <AllowDiscount>1</AllowDiscount>
      <ItemStatus>1</ItemStatus>
    </Item>
    <Item>
      <PriceUpdateDate>2025-01-02 08:24</PriceUpdateDate>
      <ItemCode>7290115181203</ItemCode>
      <ItemType>1</ItemType>
      <ItemName>TEREA צהוב חפיסה</ItemName>
      <ManufacturerName>לא ידוע</ManufacturerName>
      <ManufactureCountry>לא ידוע</ManufactureCountry>
      <ManufacturerItemDescription>TEREA צהוב חפיסה    </ManufacturerItemDescription>
      <UnitQty>Unknown</UnitQty>
      <Quantity>0.00</Quantity>
      <bIsWeighted>0</bIsWeighted>
      <UnitOfMeasure>Unknown</UnitOfMeasure>
      <QtyInPackage>1</QtyInPackage>
      <ItemPrice>38.00</ItemPrice>
      <UnitOfMeasurePrice>38.00</UnitOfMeasurePrice>
      <AllowDiscount>1</AllowDiscount>
      <ItemStatus>1</ItemStatus>
    </Item>
    <Item>
      <PriceUpdateDate>2025-01-02 08:24</PriceUpdateDate>
      <ItemCode>7290115181289</ItemCode>
      <ItemType>1</ItemType>
      <ItemName>TEREA סגול חפיסה</ItemName>
      <ManufacturerName>לא ידוע</ManufacturerName>
      <ManufactureCountry>לא ידוע</ManufactureCountry>
      <ManufacturerItemDescription>TEREA סגול חפיסה    </ManufacturerItemDescription>
      <UnitQty>Unknown</UnitQty>
      <Quantity>0.00</Quantity>
      <bIsWeighted>0</bIsWeighted>
      <UnitOfMeasure>Unknown</UnitOfMeasure>
      <QtyInPackage>1</QtyInPackage>
      <ItemPrice>38.00</ItemPrice>
      <UnitOfMeasurePrice>38.00</UnitOfMeasurePrice>
      <AllowDiscount>1</AllowDiscount>
      <ItemStatus>1</ItemStatus>
    </Item>
    <Item>
      <PriceUpdateDate>2025-01-02 08:24</PriceUpdateDate>
      <ItemCode>7290115190014</ItemCode>
      <ItemType>1</ItemType>
      <ItemName>מרלבורו רד קצר בוקס חפיסה</ItemName>
      <ManufacturerName>לא ידוע</ManufacturerName>
      <ManufactureCountry>לא ידוע</ManufactureCountry>
      <ManufacturerItemDescription>מרלבורו רד קצר בוקס </ManufacturerItemDescription>
      <UnitQty>Unknown</UnitQty>
      <Quantity>0.00</Quantity>
      <bIsWeighted>0</bIsWeighted>
      <UnitOfMeasure>Unknown</UnitOfMeasure>
      <QtyInPackage>1</QtyInPackage>
      <ItemPrice>44.50</ItemPrice>
      <UnitOfMeasurePrice>44.50</UnitOfMeasurePrice>
      <AllowDiscount>1</AllowDiscount>
      <ItemStatus>1</ItemStatus>
    </Item>
    <Item>
      <PriceUpdateDate>2025-01-02 08:24</PriceUpdateDate>
      <ItemCode>7290115190052</ItemCode>
      <ItemType>1</ItemType>
      <ItemName>מרלבורו גולדן רד KS חפיסה</ItemName>
      <ManufacturerName>לא ידוע</ManufacturerName>
      <ManufactureCountry>לא ידוע</ManufactureCountry>
      <ManufacturerItemDescription>מרלבורו פלייבור מיקס</ManufacturerItemDescription>
      <UnitQty>Unknown</UnitQty>
      <Quantity>0.00</Quantity>
      <bIsWeighted>0</bIsWeighted>
      <UnitOfMeasure>Unknown</UnitOfMeasure>
      <QtyInPackage>1</QtyInPackage>
      <ItemPrice>44.50</ItemPrice>
      <UnitOfMeasurePrice>44.50</UnitOfMeasurePrice>
      <AllowDiscount>1</AllowDiscount>
      <ItemStatus>1</ItemStatus>
    </Item>
    <Item>
      <PriceUpdateDate>2025-01-02 08:23</PriceUpdateDate>
      <ItemCode>7290115190076</ItemCode>
      <ItemType>1</ItemType>
      <ItemName>מרלבורו גולד 100 חפיסה</ItemName>
      <ManufacturerName>לא ידוע</ManufacturerName>
      <ManufactureCountry>לא ידוע</ManufactureCountry>
      <ManufacturerItemDescription>מרלבורו גולד 100 חפי</ManufacturerItemDescription>
      <UnitQty>Unknown</UnitQty>
      <Quantity>0.00</Quantity>
      <bIsWeighted>0</bIsWeighted>
      <UnitOfMeasure>Unknown</UnitOfMeasure>
      <QtyInPackage>1</QtyInPackage>
      <ItemPrice>44.50</ItemPrice>
      <UnitOfMeasurePrice>44.50</UnitOfMeasurePrice>
      <AllowDiscount>1</AllowDiscount>
      <ItemStatus>1</ItemStatus>
    </Item>
    <Item>
      <PriceUpdateDate>2025-01-02 08:24</PriceUpdateDate>
      <ItemCode>7290115190090</ItemCode>
      <ItemType>1</ItemType>
      <ItemName>מרלבורו גולד קצר</ItemName>
      <ManufacturerName>לא ידוע</ManufacturerName>
      <ManufactureCountry>לא ידוע</ManufactureCountry>
      <ManufacturerItemDescription>מרלבורו גולד קצר    </ManufacturerItemDescription>
      <UnitQty>Unknown</UnitQty>
      <Quantity>0.00</Quantity>
      <bIsWeighted>0</bIsWeighted>
      <UnitOfMeasure>Unknown</UnitOfMeasure>
      <QtyInPackage>1</QtyInPackage>
      <ItemPrice>44.50</ItemPrice>
      <UnitOfMeasurePrice>44.50</UnitOfMeasurePrice>
      <AllowDiscount>1</AllowDiscount>
      <ItemStatus>1</ItemStatus>
    </Item>
    <Item>
      <PriceUpdateDate>2025-01-02 08:24</PriceUpdateDate>
      <ItemCode>7290115190137</ItemCode>
      <ItemType>1</ItemType>
      <ItemName>מלבורו פיין טאצ 7.1 חפיסה</ItemName>
      <ManufacturerName>לא ידוע</ManufacturerName>
      <ManufactureCountry>לא ידוע</ManufactureCountry>
      <ManufacturerItemDescription>מלבורו פיין טאצ 7.1 </ManufacturerItemDescription>
      <UnitQty>יחידה</UnitQty>
      <Quantity>1.00</Quantity>
      <bIsWeighted>0</bIsWeighted>
      <UnitOfMeasure>יחידה</UnitOfMeasure>
      <QtyInPackage>1</QtyInPackage>
      <ItemPrice>42.00</ItemPrice>
      <UnitOfMeasurePrice>42.00</UnitOfMeasurePrice>
      <AllowDiscount>1</AllowDiscount>
      <ItemStatus>1</ItemStatus>
    </Item>
    <Item>
      <PriceUpdateDate>2025-01-02 08:24</PriceUpdateDate>
      <ItemCode>7290115190151</ItemCode>
      <ItemType>1</ItemType>
      <ItemName>מלבורו גולד טאצ 7.1 חפיסה</ItemName>
      <ManufacturerName>לא ידוע</ManufacturerName>
      <ManufactureCountry>לא ידוע</ManufactureCountry>
      <ManufacturerItemDescription>מלבורו גולד טאצ 7.1 </ManufacturerItemDescription>
      <UnitQty>יחידה</UnitQty>
      <Quantity>1.00</Quantity>
      <bIsWeighted>0</bIsWeighted>
      <UnitOfMeasure>יחידה</UnitOfMeasure>
      <QtyInPackage>1</QtyInPackage>
      <ItemPrice>42.00</ItemPrice>
      <UnitOfMeasurePrice>42.00</UnitOfMeasurePrice>
      <AllowDiscount>1</AllowDiscount>
      <ItemStatus>1</ItemStatus>
    </Item>
    <Item>
      <PriceUpdateDate>2025-01-02 08:23</PriceUpdateDate>
      <ItemCode>7290115190175</ItemCode>
      <ItemType>1</ItemType>
      <ItemName>פרלמנט סופר סלימס חפיסה</ItemName>
      <ManufacturerName>לא ידוע</ManufacturerName>
      <ManufactureCountry>לא ידוע</ManufactureCountry>
      <ManufacturerItemDescription>פרלמנט סופר סלימס חפ</ManufacturerItemDescription>
      <UnitQty>Unknown</UnitQty>
      <Quantity>0.00</Quantity>
      <bIsWeighted>0</bIsWeighted>
      <UnitOfMeasure>Unknown</UnitOfMeasure>
      <QtyInPackage>1</QtyInPackage>
      <ItemPrice>49.50</ItemPrice>
      <UnitOfMeasurePrice>49.50</UnitOfMeasurePrice>
      <AllowDiscount>1</AllowDiscount>
      <ItemStatus>1</ItemStatus>
    </Item>
    <Item>
      <PriceUpdateDate>2025-01-02 08:24</PriceUpdateDate>
      <ItemCode>7290115190199</ItemCode>
      <ItemType>1</ItemType>
      <ItemName>פרלמנט ארוך RCB חפיסה</ItemName>
      <ManufacturerName>לא ידוע</ManufacturerName>
      <ManufactureCountry />
      <ManufacturerItemDescription>פרלמנט ארוך RCB חפיס</ManufacturerItemDescription>
      <UnitQty>Unknown</UnitQty>
      <Quantity>0.00</Quantity>
      <bIsWeighted>0</bIsWeighted>
      <UnitOfMeasure>Unknown</UnitOfMeasure>
      <QtyInPackage>1</QtyInPackage>
      <ItemPrice>49.50</ItemPrice>
      <UnitOfMeasurePrice>49.50</UnitOfMeasurePrice>
      <AllowDiscount>1</AllowDiscount>
      <ItemStatus>1</ItemStatus>
    </Item>
    <Item>
      <PriceUpdateDate>2025-01-02 08:24</PriceUpdateDate>
      <ItemCode>7290115190212</ItemCode>
      <ItemType>1</ItemType>
      <ItemName>פרלמנט ארוך בלו RCB חפיסה</ItemName>
      <ManufacturerName>לא ידוע</ManufacturerName>
      <ManufactureCountry>לא ידוע</ManufactureCountry>
      <ManufacturerItemDescription>פרלמנט ארוך בלו RCB </ManufacturerItemDescription>
      <UnitQty>Unknown</UnitQty>
      <Quantity>0.00</Quantity>
      <bIsWeighted>0</bIsWeighted>
      <UnitOfMeasure>Unknown</UnitOfMeasure>
      <QtyInPackage>1</QtyInPackage>
      <ItemPrice>49.50</ItemPrice>
      <UnitOfMeasurePrice>49.50</UnitOfMeasurePrice>
      <AllowDiscount>1</AllowDiscount>
      <ItemStatus>1</ItemStatus>
    </Item>
    <Item>
      <PriceUpdateDate>2025-01-02 08:24</PriceUpdateDate>
      <ItemCode>7290115190236</ItemCode>
      <ItemType>1</ItemType>
      <ItemName>פרלמנט קצר בלו חפיסה</ItemName>
      <ManufacturerName>לא ידוע</ManufacturerName>
      <ManufactureCountry>לא ידוע</ManufactureCountry>
      <ManufacturerItemDescription>פרלמנט קצר בלו חפיסה</ManufacturerItemDescription>
      <UnitQty>Unknown</UnitQty>
      <Quantity>0.00</Quantity>
      <bIsWeighted>0</bIsWeighted>
      <UnitOfMeasure>Unknown</UnitOfMeasure>
      <QtyInPackage>1</QtyInPackage>
      <ItemPrice>49.50</ItemPrice>
      <UnitOfMeasurePrice>49.50</UnitOfMeasurePrice>
      <AllowDiscount>1</AllowDiscount>
      <ItemStatus>1</ItemStatus>
    </Item>
    <Item>
      <PriceUpdateDate>2025-01-02 08:24</PriceUpdateDate>
      <ItemCode>7290115190250</ItemCode>
      <ItemType>1</ItemType>
      <ItemName>פרלמנט נייט PP חפיסה</ItemName>
      <ManufacturerName>לא ידוע</ManufacturerName>
      <ManufactureCountry>לא ידוע</ManufactureCountry>
      <ManufacturerItemDescription>פרלמנט נייט PP חפיסה</ManufacturerItemDescription>
      <UnitQty>Unknown</UnitQty>
      <Quantity>0.00</Quantity>
      <bIsWeighted>0</bIsWeighted>
      <UnitOfMeasure>Unknown</UnitOfMeasure>
      <QtyInPackage>1</QtyInPackage>
      <ItemPrice>49.50</ItemPrice>
      <UnitOfMeasurePrice>49.50</UnitOfMeasurePrice>
      <AllowDiscount>1</AllowDiscount>
      <ItemStatus>1</ItemStatus>
    </Item>
    <Item>
      <PriceUpdateDate>2025-01-02 08:24</PriceUpdateDate>
      <ItemCode>7290115190335</ItemCode>
      <ItemType>1</ItemType>
      <ItemName>ל.מ.בלו לייבל ארוך בוקס חפיסה</ItemName>
      <ManufacturerName>לא ידוע</ManufacturerName>
      <ManufactureCountry>לא ידוע</ManufactureCountry>
      <ManufacturerItemDescription>ל.מ.בלו לייבל ארוך ב</ManufacturerItemDescription>
      <UnitQty>Unknown</UnitQty>
      <Quantity>0.00</Quantity>
      <bIsWeighted>0</bIsWeighted>
      <UnitOfMeasure>Unknown</UnitOfMeasure>
      <QtyInPackage>1</QtyInPackage>
      <ItemPrice>41.00</ItemPrice>
      <UnitOfMeasurePrice>41.00</UnitOfMeasurePrice>
      <AllowDiscount>1</AllowDiscount>
      <ItemStatus>1</ItemStatus>
    </Item>
    <Item>
      <PriceUpdateDate>2025-01-02 08:23</PriceUpdateDate>
      <ItemCode>7290115190359</ItemCode>
      <ItemType>1</ItemType>
      <ItemName>L&amp;M בלו לייבל קצר-חפיסה</ItemName>
      <ManufacturerName>לא ידוע</ManufacturerName>
      <ManufactureCountry>לא ידוע</ManufactureCountry>
      <ManufacturerItemDescription>L&amp;M בלו לייבל קצר-חפ</ManufacturerItemDescription>
      <UnitQty>Unknown</UnitQty>
      <Quantity>0.00</Quantity>
      <bIsWeighted>0</bIsWeighted>
      <UnitOfMeasure>Unknown</UnitOfMeasure>
      <QtyInPackage>1</QtyInPackage>
      <ItemPrice>41.00</ItemPrice>
      <UnitOfMeasurePrice>41.00</UnitOfMeasurePrice>
      <AllowDiscount>1</AllowDiscount>
      <ItemStatus>1</ItemStatus>
    </Item>
    <Item>
      <PriceUpdateDate>2025-01-02 08:24</PriceUpdateDate>
      <ItemCode>7290115190373</ItemCode>
      <ItemType>1</ItemType>
      <ItemName>ל.מ.פורוורד חפיסה</ItemName>
      <ManufacturerName>לא ידוע</ManufacturerName>
      <ManufactureCountry>לא ידוע</ManufactureCountry>
      <ManufacturerItemDescription>ל.מ.פורוורד חפיסה   </ManufacturerItemDescription>
      <UnitQty>Unknown</UnitQty>
      <Quantity>0.00</Quantity>
      <bIsWeighted>0</bIsWeighted>
      <UnitOfMeasure>Unknown</UnitOfMeasure>
      <QtyInPackage>1</QtyInPackage>
      <ItemPrice>41.00</ItemPrice>
      <UnitOfMeasurePrice>41.00</UnitOfMeasurePrice>
      <AllowDiscount>1</AllowDiscount>
      <ItemStatus>1</ItemStatus>
    </Item>
    <Item>
      <PriceUpdateDate>2025-01-02 08:24</PriceUpdateDate>
      <ItemCode>7290115190434</ItemCode>
      <ItemType>1</ItemType>
      <ItemName>ל.מ וייב PP חפיסה</ItemName>
      <ManufacturerName>לא ידוע</ManufacturerName>
      <ManufactureCountry>לא ידוע</ManufactureCountry>
      <ManufacturerItemDescription>ל.מ וייב PP חפיסה   </ManufacturerItemDescription>
      <UnitQty>Unknown</UnitQty>
      <Quantity>0.00</Quantity>
      <bIsWeighted>0</bIsWeighted>
      <UnitOfMeasure>Unknown</UnitOfMeasure>
      <QtyInPackage>1</QtyInPackage>
      <ItemPrice>41.00</ItemPrice>
      <UnitOfMeasurePrice>41.00</UnitOfMeasurePrice>
      <AllowDiscount>1</AllowDiscount>
      <ItemStatus>1</ItemStatus>
    </Item>
    <Item>
      <PriceUpdateDate>2025-05-06 06:39</PriceUpdateDate>
      <ItemCode>7290115190458</ItemCode>
      <ItemType>1</ItemType>
      <ItemName>נקסט ארג חפיסה</ItemName>
      <ManufacturerName>לא ידוע</ManufacturerName>
      <ManufactureCountry>לא ידוע</ManufactureCountry>
      <ManufacturerItemDescription>נקסט אדג חפיסה      </ManufacturerItemDescription>
      <UnitQty>Unknown</UnitQty>
      <Quantity>0.00</Quantity>
      <bIsWeighted>0</bIsWeighted>
      <UnitOfMeasure>Unknown</UnitOfMeasure>
      <QtyInPackage>1</QtyInPackage>
      <ItemPrice>34.50</ItemPrice>
      <UnitOfMeasurePrice>34.50</UnitOfMeasurePrice>
      <AllowDiscount>1</AllowDiscount>
      <ItemStatus>1</ItemStatus>
    </Item>
    <Item>
      <PriceUpdateDate>2025-03-03 07:05</PriceUpdateDate>
      <ItemCode>7290115190496</ItemCode>
      <ItemType>1</ItemType>
      <ItemName>נקסט פיין 100 חפיסה PP</ItemName>
      <ManufacturerName>לא ידוע</ManufacturerName>
      <ManufactureCountry />
      <ManufacturerItemDescription>נקסט פיין 100 חפיסה </ManufacturerItemDescription>
      <UnitQty>Unknown</UnitQty>
      <Quantity>0.00</Quantity>
      <bIsWeighted>0</bIsWeighted>
      <UnitOfMeasure>Unknown</UnitOfMeasure>
      <QtyInPackage>1</QtyInPackage>
      <ItemPrice>38.00</ItemPrice>
      <UnitOfMeasurePrice>38.00</UnitOfMeasurePrice>
      <AllowDiscount>1</AllowDiscount>
      <ItemStatus>1</ItemStatus>
    </Item>
    <Item>
      <PriceUpdateDate>2025-05-06 06:39</PriceUpdateDate>
      <ItemCode>7290115190533</ItemCode>
      <ItemType>1</ItemType>
      <ItemName>נקסט 100 ריסס חפיסה</ItemName>
      <ManufacturerName>לא ידוע</ManufacturerName>
      <ManufactureCountry>לא ידוע</ManufactureCountry>
      <ManufacturerItemDescription>נקסט 100 ריסס חפיסה </ManufacturerItemDescription>
      <UnitQty>Unknown</UnitQty>
      <Quantity>0.00</Quantity>
      <bIsWeighted>0</bIsWeighted>
      <UnitOfMeasure>Unknown</UnitOfMeasure>
      <QtyInPackage>1</QtyInPackage>
      <ItemPrice>34.50</ItemPrice>
      <UnitOfMeasurePrice>34.50</UnitOfMeasurePrice>
      <AllowDiscount>1</AllowDiscount>
      <ItemStatus>1</ItemStatus>
    </Item>
    <Item>
      <PriceUpdateDate>2025-03-03 07:05</PriceUpdateDate>
      <ItemCode>7290115190595</ItemCode>
      <ItemType>1</ItemType>
      <ItemName>נקסט FF חפיסה</ItemName>
      <ManufacturerName>לא ידוע</ManufacturerName>
      <ManufactureCountry>לא ידוע</ManufactureCountry>
      <ManufacturerItemDescription>נקסט FF חפיסה       </ManufacturerItemDescription>
      <UnitQty>Unknown</UnitQty>
      <Quantity>0.00</Quantity>
      <bIsWeighted>0</bIsWeighted>
      <UnitOfMeasure>Unknown</UnitOfMeasure>
      <QtyInPackage>1</QtyInPackage>
      <ItemPrice>38.00</ItemPrice>
      <UnitOfMeasurePrice>38.00</UnitOfMeasurePrice>
      <AllowDiscount>1</AllowDiscount>
      <ItemStatus>1</ItemStatus>
    </Item>
    <Item>
      <PriceUpdateDate>2025-01-02 08:24</PriceUpdateDate>
      <ItemCode>7290115190632</ItemCode>
      <ItemType>1</ItemType>
      <ItemName>טבק לגלגול סוגריות מלברו גולד 30 גר בודד</ItemName>
      <ManufacturerName>לא ידוע</ManufacturerName>
      <ManufactureCountry>לא ידוע</ManufactureCountry>
      <ManufacturerItemDescription>טבק לגלגול סיגריות מ</ManufacturerItemDescription>
      <UnitQty>יחידה</UnitQty>
      <Quantity>1.00</Quantity>
      <bIsWeighted>0</bIsWeighted>
      <UnitOfMeasure>יחידה</UnitOfMeasure>
      <QtyInPackage>1</QtyInPackage>
      <ItemPrice>102.00</ItemPrice>
      <UnitOfMeasurePrice>102.00</UnitOfMeasurePrice>
      <AllowDiscount>1</AllowDiscount>
      <ItemStatus>1</ItemStatus>
    </Item>
    <Item>
      <PriceUpdateDate>2025-01-02 08:24</PriceUpdateDate>
      <ItemCode>7290115190953</ItemCode>
      <ItemType>1</ItemType>
      <ItemName>פרלמנט סוהו חפיסה</ItemName>
      <ManufacturerName>לא ידוע</ManufacturerName>
      <ManufactureCountry>לא ידוע</ManufactureCountry>
      <ManufacturerItemDescription>פרלמנט סוהו חפיסה   </ManufacturerItemDescription>
      <UnitQty>Unknown</UnitQty>
      <Quantity>0.00</Quantity>
      <bIsWeighted>0</bIsWeighted>
      <UnitOfMeasure>Unknown</UnitOfMeasure>
      <QtyInPackage>1</QtyInPackage>
      <ItemPrice>41.00</ItemPrice>
      <UnitOfMeasurePrice>41.00</UnitOfMeasurePrice>
      <AllowDiscount>1</AllowDiscount>
      <ItemStatus>1</ItemStatus>
    </Item>
    <Item>
      <PriceUpdateDate>2025-01-02 08:24</PriceUpdateDate>
      <ItemCode>7290115191097</ItemCode>
      <ItemType>1</ItemType>
      <ItemName>מרלבורו דאבל פיוזן חפיסה</ItemName>
      <ManufacturerName>לא ידוע</ManufacturerName>
      <ManufactureCountry>לא ידוע</ManufactureCountry>
      <ManufacturerItemDescription>מרלבורו דאבל פיוזן ח</ManufacturerItemDescription>
      <UnitQty>יחידה</UnitQty>
      <Quantity>1.00</Quantity>
      <bIsWeighted>0</bIsWeighted>
      <UnitOfMeasure>יחידה</UnitOfMeasure>
      <QtyInPackage>1</QtyInPackage>
      <ItemPrice>39.00</ItemPrice>
      <UnitOfMeasurePrice>39.00</UnitOfMeasurePrice>
      <AllowDiscount>1</AllowDiscount>
      <ItemStatus>1</ItemStatus>
    </Item>
    <Item>
      <PriceUpdateDate>2025-06-06 05:56</PriceUpdateDate>
      <ItemCode>7290115201680</ItemCode>
      <ItemType>1</ItemType>
      <ItemName>ביסלי ברביקיו 70 גרם</ItemName>
      <ManufacturerName>לא ידוע</ManufacturerName>
      <ManufactureCountry>ישראל</ManufactureCountry>
      <ManufacturerItemDescription>ביסלי ברביקיו 70 גרם</ManufacturerItemDescription>
      <UnitQty>גרמים</UnitQty>
      <Quantity>70.00</Quantity>
      <bIsWeighted>0</bIsWeighted>
      <UnitOfMeasure>100 גרם</UnitOfMeasure>
      <QtyInPackage>1</QtyInPackage>
      <ItemPrice>5.90</ItemPrice>
      <UnitOfMeasurePrice>8.43</UnitOfMeasurePrice>
      <AllowDiscount>1</AllowDiscount>
      <ItemStatus>1</ItemStatus>
    </Item>
    <Item>
      <PriceUpdateDate>2025-06-06 05:55</PriceUpdateDate>
      <ItemCode>7290115201703</ItemCode>
      <ItemType>1</ItemType>
      <ItemName>ביסלי ברביקיו 200 גרם</ItemName>
      <ManufacturerName>לא ידוע</ManufacturerName>
      <ManufactureCountry>ישראל</ManufactureCountry>
      <ManufacturerItemDescription>ביסלי ברביקיו 200 גר</ManufacturerItemDescription>
      <UnitQty>גרמים</UnitQty>
      <Quantity>200.00</Quantity>
      <bIsWeighted>0</bIsWeighted>
      <UnitOfMeasure>100 גרם</UnitOfMeasure>
      <QtyInPackage>1</QtyInPackage>
      <ItemPrice>10.50</ItemPrice>
      <UnitOfMeasurePrice>5.25</UnitOfMeasurePrice>
      <AllowDiscount>1</AllowDiscount>
      <ItemStatus>1</ItemStatus>
    </Item>
    <Item>
      <PriceUpdateDate>2025-06-06 05:55</PriceUpdateDate>
      <ItemCode>7290115201727</ItemCode>
      <ItemType>1</ItemType>
      <ItemName>ביסלי בצל 200 גרם</ItemName>
      <ManufacturerName>לא ידוע</ManufacturerName>
      <ManufactureCountry>ישראל</ManufactureCountry>
      <ManufacturerItemDescription>ביסלי בצל 200 גרם   </ManufacturerItemDescription>
      <UnitQty>גרמים</UnitQty>
      <Quantity>200.00</Quantity>
      <bIsWeighted>0</bIsWeighted>
      <UnitOfMeasure>100 גרם</UnitOfMeasure>
      <QtyInPackage>1</QtyInPackage>
      <ItemPrice>10.50</ItemPrice>
      <UnitOfMeasurePrice>5.25</UnitOfMeasurePrice>
      <AllowDiscount>1</AllowDiscount>
      <ItemStatus>1</ItemStatus>
    </Item>
    <Item>
      <PriceUpdateDate>2025-06-06 05:56</PriceUpdateDate>
      <ItemCode>7290115201741</ItemCode>
      <ItemType>1</ItemType>
      <ItemName>ביסלי בטעם בצל 70 גרם</ItemName>
      <ManufacturerName>לא ידוע</ManufacturerName>
      <ManufactureCountry>ישראל</ManufactureCountry>
      <ManufacturerItemDescription>ביסלי בטעם בצל 70 גר</ManufacturerItemDescription>
      <UnitQty>גרמים</UnitQty>
      <Quantity>70.00</Quantity>
      <bIsWeighted>0</bIsWeighted>
      <UnitOfMeasure>100 גרם</UnitOfMeasure>
      <QtyInPackage>1</QtyInPackage>
      <ItemPrice>5.90</ItemPrice>
      <UnitOfMeasurePrice>8.43</UnitOfMeasurePrice>
      <AllowDiscount>1</AllowDiscount>
      <ItemStatus>1</ItemStatus>
    </Item>
    <Item>
      <PriceUpdateDate>2025-06-06 05:55</PriceUpdateDate>
      <ItemCode>7290115203134</ItemCode>
      <ItemType>1</ItemType>
      <ItemName>פופקו פופקורן במבה 80 גרם</ItemName>
      <ManufacturerName>לא ידוע</ManufacturerName>
      <ManufactureCountry>לא ידוע</ManufactureCountry>
      <ManufacturerItemDescription>פופקו פופקורן במבה 8</ManufacturerItemDescription>
      <UnitQty>גרמים</UnitQty>
      <Quantity>80.00</Quantity>
      <bIsWeighted>0</bIsWeighted>
      <UnitOfMeasure>100 גרם</UnitOfMeasure>
      <QtyInPackage>1</QtyInPackage>
      <ItemPrice>7.50</ItemPrice>
      <UnitOfMeasurePrice>9.38</UnitOfMeasurePrice>
      <AllowDiscount>1</AllowDiscount>
      <ItemStatus>1</ItemStatus>
    </Item>
    <Item>
      <PriceUpdateDate>2025-06-06 05:55</PriceUpdateDate>
      <ItemCode>7290115203172</ItemCode>
      <ItemType>1</ItemType>
      <ItemName>במבה פרו 80 גרם</ItemName>
      <ManufacturerName>לא ידוע</ManufacturerName>
      <ManufactureCountry />
      <ManufacturerItemDescription>במבה פרו 80 גרם     </ManufacturerItemDescription>
      <UnitQty>גרמים</UnitQty>
      <Quantity>80.00</Quantity>
      <bIsWeighted>0</bIsWeighted>
      <UnitOfMeasure>100 גרם</UnitOfMeasure>
      <QtyInPackage>1</QtyInPackage>
      <ItemPrice>6.40</ItemPrice>
      <UnitOfMeasurePrice>8.00</UnitOfMeasurePrice>
      <AllowDiscount>1</AllowDiscount>
      <ItemStatus>1</ItemStatus>
    </Item>
    <Item>
      <PriceUpdateDate>2025-06-06 05:55</PriceUpdateDate>
      <ItemCode>7290115203486</ItemCode>
      <ItemType>1</ItemType>
      <ItemName>אסם פירורית בטעם ביסלי גריל 200 גרם</ItemName>
      <ManufacturerName>לא ידוע</ManufacturerName>
      <ManufactureCountry>לא ידוע</ManufactureCountry>
      <ManufacturerItemDescription>אסם פירורית בטעם ביס</ManufacturerItemDescription>
      <UnitQty>גרמים</UnitQty>
      <Quantity>200.00</Quantity>
      <bIsWeighted>0</bIsWeighted>
      <UnitOfMeasure>100 גרם</UnitOfMeasure>
      <QtyInPackage>1</QtyInPackage>
      <ItemPrice>8.90</ItemPrice>
      <UnitOfMeasurePrice>4.45</UnitOfMeasurePrice>
      <AllowDiscount>1</AllowDiscount>
      <ItemStatus>1</ItemStatus>
    </Item>
    <Item>
      <PriceUpdateDate>2025-01-05 19:46</PriceUpdateDate>
      <ItemCode>7290115203936</ItemCode>
      <ItemType>1</ItemType>
      <ItemName>קטשופ אסם מופחת סוכר 690 גרם כל"פ</ItemName>
      <ManufacturerName>לא ידוע</ManufacturerName>
      <ManufactureCountry>לא ידוע</ManufactureCountry>
      <ManufacturerItemDescription>קטשופ אסם מופחת סוכר</ManufacturerItemDescription>
      <UnitQty>גרמים</UnitQty>
      <Quantity>710.00</Quantity>
      <bIsWeighted>0</bIsWeighted>
      <UnitOfMeasure>100 גרם</UnitOfMeasure>
      <QtyInPackage>1</QtyInPackage>
      <ItemPrice>15.90</ItemPrice>
      <UnitOfMeasurePrice>2.24</UnitOfMeasurePrice>
      <AllowDiscount>1</AllowDiscount>
      <ItemStatus>1</ItemStatus>
    </Item>
    <Item>
      <PriceUpdateDate>2025-01-29 07:06</PriceUpdateDate>
      <ItemCode>7290115204056</ItemCode>
      <ItemType>1</ItemType>
      <ItemName>קטשופ אסם מופחת סוכר 690 גרם</ItemName>
      <ManufacturerName>לא ידוע</ManufacturerName>
      <ManufactureCountry>ישראל</ManufactureCountry>
      <ManufacturerItemDescription>קטשופ אסם מופחת סוכר</ManufacturerItemDescription>
      <UnitQty>גרמים</UnitQty>
      <Quantity>690.00</Quantity>
      <bIsWeighted>0</bIsWeighted>
      <UnitOfMeasure>100 גרם</UnitOfMeasure>
      <QtyInPackage>1</QtyInPackage>
      <ItemPrice>16.90</ItemPrice>
      <UnitOfMeasurePrice>2.45</UnitOfMeasurePrice>
      <AllowDiscount>1</AllowDiscount>
      <ItemStatus>1</ItemStatus>
    </Item>
    <Item>
      <PriceUpdateDate>2023-01-05 10:19</PriceUpdateDate>
      <ItemCode>7290115205176</ItemCode>
      <ItemType>1</ItemType>
      <ItemName>פיטנס קרקר כפרי 140 גרם</ItemName>
      <ManufacturerName>לא ידוע</ManufacturerName>
      <ManufactureCountry>ישראל</ManufactureCountry>
      <ManufacturerItemDescription>פיטנס קרקר כפרי 140 </ManufacturerItemDescription>
      <UnitQty>גרמים</UnitQty>
      <Quantity>140.00</Quantity>
      <bIsWeighted>0</bIsWeighted>
      <UnitOfMeasure>100 גרם</UnitOfMeasure>
      <QtyInPackage>1</QtyInPackage>
      <ItemPrice>14.90</ItemPrice>
      <UnitOfMeasurePrice>10.64</UnitOfMeasurePrice>
      <AllowDiscount>1</AllowDiscount>
      <ItemStatus>1</ItemStatus>
    </Item>
    <Item>
      <PriceUpdateDate>2023-01-05 10:19</PriceUpdateDate>
      <ItemCode>7290115205312</ItemCode>
      <ItemType>1</ItemType>
      <ItemName>פיטנס קרקר זיתים 140 גרם</ItemName>
      <ManufacturerName>לא ידוע</ManufacturerName>
      <ManufactureCountry>ישראל</ManufactureCountry>
      <ManufacturerItemDescription>פיטנס קרקר זיתים 140</ManufacturerItemDescription>
      <UnitQty>גרמים</UnitQty>
      <Quantity>140.00</Quantity>
      <bIsWeighted>0</bIsWeighted>
      <UnitOfMeasure>100 גרם</UnitOfMeasure>
      <QtyInPackage>1</QtyInPackage>
      <ItemPrice>14.90</ItemPrice>
      <UnitOfMeasurePrice>10.64</UnitOfMeasurePrice>
      <AllowDiscount>1</AllowDiscount>
      <ItemStatus>1</ItemStatus>
    </Item>
    <Item>
      <PriceUpdateDate>2025-02-24 10:53</PriceUpdateDate>
      <ItemCode>7290115206333</ItemCode>
      <ItemType>1</ItemType>
      <ItemName>אסם עוגיות מיני שוקוציפס 225 גר</ItemName>
      <ManufacturerName>לא ידוע</ManufacturerName>
      <ManufactureCountry>לא ידוע</ManufactureCountry>
      <ManufacturerItemDescription>אסם עוגיות מיני שוקו</ManufacturerItemDescription>
      <UnitQty>גרמים</UnitQty>
      <Quantity>225.00</Quantity>
      <bIsWeighted>0</bIsWeighted>
      <UnitOfMeasure>100 גרם</UnitOfMeasure>
      <QtyInPackage>1</QtyInPackage>
      <ItemPrice>16.50</ItemPrice>
      <UnitOfMeasurePrice>7.33</UnitOfMeasurePrice>
      <AllowDiscount>1</AllowDiscount>
      <ItemStatus>1</ItemStatus>
    </Item>
    <Item>
      <PriceUpdateDate>2024-07-16 23:00</PriceUpdateDate>
      <ItemCode>7290115207644</ItemCode>
      <ItemType>1</ItemType>
      <ItemName>אסם חטיפי קרקר שמנת בצל 150 גרם</ItemName>
      <ManufacturerName>לא ידוע</ManufacturerName>
      <ManufactureCountry>ישראל</ManufactureCountry>
      <ManufacturerItemDescription>חטיפי קרקר שמנת בצל </ManufacturerItemDescription>
      <UnitQty>גרמים</UnitQty>
      <Quantity>150.00</Quantity>
      <bIsWeighted>0</bIsWeighted>
      <UnitOfMeasure>100 גרם</UnitOfMeasure>
      <QtyInPackage>1</QtyInPackage>
      <ItemPrice>13.90</ItemPrice>
      <UnitOfMeasurePrice>9.27</UnitOfMeasurePrice>
      <AllowDiscount>1</AllowDiscount>
      <ItemStatus>1</ItemStatus>
    </Item>
    <Item>
      <PriceUpdateDate>2024-07-17 08:35</PriceUpdateDate>
      <ItemCode>7290115208047</ItemCode>
      <ItemType>1</ItemType>
      <ItemName>סירופ ויטמינציק פטל 1 ליטר</ItemName>
      <ManufacturerName>לא ידוע</ManufacturerName>
      <ManufactureCountry />
      <ManufacturerItemDescription>סירופ ויטמינציק פטל </ManufacturerItemDescription>
      <UnitQty>מיליליטרים</UnitQty>
      <Quantity>1000.00</Quantity>
      <bIsWeighted>0</bIsWeighted>
      <UnitOfMeasure>100 מ"ל</UnitOfMeasure>
      <QtyInPackage>1</QtyInPackage>
      <ItemPrice>18.90</ItemPrice>
      <UnitOfMeasurePrice>1.89</UnitOfMeasurePrice>
      <AllowDiscount>1</AllowDiscount>
      <ItemStatus>1</ItemStatus>
    </Item>
    <Item>
      <PriceUpdateDate>2024-07-04 17:02</PriceUpdateDate>
      <ItemCode>7290115208061</ItemCode>
      <ItemType>1</ItemType>
      <ItemName>סירופ ויטמינציק פתוח 1 ליטר</ItemName>
      <ManufacturerName>לא ידוע</ManufacturerName>
      <ManufactureCountry />
      <ManufacturerItemDescription>סירופ ויטמינציק תפוח</ManufacturerItemDescription>
      <UnitQty>מיליליטרים</UnitQty>
      <Quantity>1000.00</Quantity>
      <bIsWeighted>0</bIsWeighted>
      <UnitOfMeasure>100 מ"ל</UnitOfMeasure>
      <QtyInPackage>1</QtyInPackage>
      <ItemPrice>18.90</ItemPrice>
      <UnitOfMeasurePrice>1.89</UnitOfMeasurePrice>
      <AllowDiscount>1</AllowDiscount>
      <ItemStatus>1</ItemStatus>
    </Item>
    <Item>
      <PriceUpdateDate>2025-10-20 17:04</PriceUpdateDate>
      <ItemCode>7290115675337</ItemCode>
      <ItemType>1</ItemType>
      <ItemName>דוריטוס שום עם טוויסט 70 גר</ItemName>
      <ManufacturerName>לא ידוע</ManufacturerName>
      <ManufactureCountry>IL</ManufactureCountry>
      <ManufacturerItemDescription>דוריטוס שום עם טוויס</ManufacturerItemDescription>
      <UnitQty>גרמים</UnitQty>
      <Quantity>70.00</Quantity>
      <bIsWeighted>0</bIsWeighted>
      <UnitOfMeasure>100 גרם</UnitOfMeasure>
      <QtyInPackage>1</QtyInPackage>
      <ItemPrice>5.50</ItemPrice>
      <UnitOfMeasurePrice>7.86</UnitOfMeasurePrice>
      <AllowDiscount>1</AllowDiscount>
      <ItemStatus>1</ItemStatus>
    </Item>
    <Item>
      <PriceUpdateDate>2025-03-03 07:00</PriceUpdateDate>
      <ItemCode>7290115677959</ItemCode>
      <ItemType>1</ItemType>
      <ItemName>גוואקמולי אחלה 220 גרם</ItemName>
      <ManufacturerName>לא ידוע</ManufacturerName>
      <ManufactureCountry>מקסיקו</ManufactureCountry>
      <ManufacturerItemDescription>גוואקמולי אחלה 220 ג</ManufacturerItemDescription>
      <UnitQty>גרמים</UnitQty>
      <Quantity>220.00</Quantity>
      <bIsWeighted>0</bIsWeighted>
      <UnitOfMeasure>100 גרם</UnitOfMeasure>
      <QtyInPackage>1</QtyInPackage>
      <ItemPrice>21.90</ItemPrice>
      <UnitOfMeasurePrice>9.95</UnitOfMeasurePrice>
      <AllowDiscount>1</AllowDiscount>
      <ItemStatus>1</ItemStatus>
    </Item>
    <Item>
      <PriceUpdateDate>2024-11-18 16:03</PriceUpdateDate>
      <ItemCode>7290115678376</ItemCode>
      <ItemType>1</ItemType>
      <ItemName>מעדן הגולן שוקולד 125 גרם</ItemName>
      <ManufacturerName>לא ידוע</ManufacturerName>
      <ManufactureCountry>לא ידוע</ManufactureCountry>
      <ManufacturerItemDescription>מעדן הגולן שוקולד   </ManufacturerItemDescription>
      <UnitQty>גרמים</UnitQty>
      <Quantity>125.00</Quantity>
      <bIsWeighted>0</bIsWeighted>
      <UnitOfMeasure>100 גרם</UnitOfMeasure>
      <QtyInPackage>1</QtyInPackage>
      <ItemPrice>3.90</ItemPrice>
      <UnitOfMeasurePrice>3.12</UnitOfMeasurePrice>
      <AllowDiscount>1</AllowDiscount>
      <ItemStatus>1</ItemStatus>
    </Item>
    <Item>
      <PriceUpdateDate>2024-11-21 16:57</PriceUpdateDate>
      <ItemCode>7290115678383</ItemCode>
      <ItemType>1</ItemType>
      <ItemName>מעדן הגולן שוקולד מריר 125 גרם</ItemName>
      <ManufacturerName>לא ידוע</ManufacturerName>
      <ManufactureCountry>לא ידוע</ManufactureCountry>
      <ManufacturerItemDescription>מעדן הגולן שוקולד   </ManufacturerItemDescription>
      <UnitQty>גרמים</UnitQty>
      <Quantity>125.00</Quantity>
      <bIsWeighted>0</bIsWeighted>
      <UnitOfMeasure>100 גרם</UnitOfMeasure>
      <QtyInPackage>1</QtyInPackage>
      <ItemPrice>3.90</ItemPrice>
      <UnitOfMeasurePrice>3.12</UnitOfMeasurePrice>
      <AllowDiscount>1</AllowDiscount>
      <ItemStatus>1</ItemStatus>
    </Item>
    <Item>
      <PriceUpdateDate>2024-12-11 07:15</PriceUpdateDate>
      <ItemCode>7290115679960</ItemCode>
      <ItemType>1</ItemType>
      <ItemName>ציטוס פופקורן בטעם טבעי 60 ג 24 יח</ItemName>
      <ManufacturerName>לא ידוע</ManufacturerName>
      <ManufactureCountry />
      <ManufacturerItemDescription>ציטוס פופקורן בטעם ט</ManufacturerItemDescription>
      <UnitQty>גרמים</UnitQty>
      <Quantity>60.00</Quantity>
      <bIsWeighted>0</bIsWeighted>
      <UnitOfMeasure>100 גרם</UnitOfMeasure>
      <QtyInPackage>1</QtyInPackage>
      <ItemPrice>5.60</ItemPrice>
      <UnitOfMeasurePrice>9.33</UnitOfMeasurePrice>
      <AllowDiscount>1</AllowDiscount>
      <ItemStatus>1</ItemStatus>
    </Item>
    <Item>
      <PriceUpdateDate>2021-11-01 22:27</PriceUpdateDate>
      <ItemCode>7290116240046</ItemCode>
      <ItemType>1</ItemType>
      <ItemName>שקית 10 מקרון ורוד  </ItemName>
      <ManufacturerName>לא ידוע</ManufacturerName>
      <ManufactureCountry>סין</ManufactureCountry>
      <ManufacturerItemDescription>שקית 10 מקרון ורוד  </ManufacturerItemDescription>
      <UnitQty>Unknown</UnitQty>
      <Quantity>1.00</Quantity>
      <bIsWeighted>0</bIsWeighted>
      <UnitOfMeasure>Unknown</UnitOfMeasure>
      <QtyInPackage>20</QtyInPackage>
      <ItemPrice>5.50</ItemPrice>
      <UnitOfMeasurePrice>5.50</UnitOfMeasurePrice>
      <AllowDiscount>1</AllowDiscount>
      <ItemStatus>1</ItemStatus>
    </Item>
    <Item>
      <PriceUpdateDate>2021-11-01 22:27</PriceUpdateDate>
      <ItemCode>7290116240053</ItemCode>
      <ItemType>1</ItemType>
      <ItemName>שקית 10 מקרון ירוק ת</ItemName>
      <ManufacturerName>לא ידוע</ManufacturerName>
      <ManufactureCountry>סין</ManufactureCountry>
      <ManufacturerItemDescription>שקית 10 מקרון ירוק ת</ManufacturerItemDescription>
      <UnitQty>Unknown</UnitQty>
      <Quantity>1.00</Quantity>
      <bIsWeighted>0</bIsWeighted>
      <UnitOfMeasure>Unknown</UnitOfMeasure>
      <QtyInPackage>20</QtyInPackage>
      <ItemPrice>5.50</ItemPrice>
      <UnitOfMeasurePrice>5.50</UnitOfMeasurePrice>
      <AllowDiscount>1</AllowDiscount>
      <ItemStatus>1</ItemStatus>
    </Item>
    <Item>
      <PriceUpdateDate>2025-11-25 06:46</PriceUpdateDate>
      <ItemCode>7290116275888</ItemCode>
      <ItemType>1</ItemType>
      <ItemName>שריר טרי</ItemName>
      <ManufacturerName>לא ידוע</ManufacturerName>
      <ManufactureCountry>לא ידוע</ManufactureCountry>
      <ManufacturerItemDescription>שריר בקר טרי        </ManufacturerItemDescription>
      <UnitQty>Unknown</UnitQty>
      <Quantity>0.00</Quantity>
      <bIsWeighted>1</bIsWeighted>
      <UnitOfMeasure>ק"ג</UnitOfMeasure>
      <QtyInPackage>0</QtyInPackage>
      <ItemPrice>62.90</ItemPrice>
      <UnitOfMeasurePrice>62.90</UnitOfMeasurePrice>
      <AllowDiscount>1</AllowDiscount>
      <ItemStatus>1</ItemStatus>
    </Item>
    <Item>
      <PriceUpdateDate>2025-05-27 15:07</PriceUpdateDate>
      <ItemCode>7290116530482</ItemCode>
      <ItemType>1</ItemType>
      <ItemName>מארז קורנפלקס של אלופים 5*30 גרם</ItemName>
      <ManufacturerName>לא ידוע</ManufacturerName>
      <ManufactureCountry>לא ידוע</ManufactureCountry>
      <ManufacturerItemDescription>מארז קורנפלקס של אלו</ManufacturerItemDescription>
      <UnitQty>גרמים</UnitQty>
      <Quantity>150.00</Quantity>
      <bIsWeighted>0</bIsWeighted>
      <UnitOfMeasure>100 גרם</UnitOfMeasure>
      <QtyInPackage>1</QtyInPackage>
      <ItemPrice>18.90</ItemPrice>
      <UnitOfMeasurePrice>12.60</UnitOfMeasurePrice>
      <AllowDiscount>1</AllowDiscount>
      <ItemStatus>1</ItemStatus>
    </Item>
    <Item>
      <PriceUpdateDate>2023-05-22 18:48</PriceUpdateDate>
      <ItemCode>7290116531762</ItemCode>
      <ItemType>1</ItemType>
      <ItemName>בדין נייר למייבש ורוד</ItemName>
      <ManufacturerName>לא ידוע</ManufacturerName>
      <ManufactureCountry />
      <ManufacturerItemDescription>בדין נייר למייבש ורו</ManufacturerItemDescription>
      <UnitQty>Unknown</UnitQty>
      <Quantity>0.00</Quantity>
      <bIsWeighted>0</bIsWeighted>
      <UnitOfMeasure>Unknown</UnitOfMeasure>
      <QtyInPackage>1</QtyInPackage>
      <ItemPrice>23.90</ItemPrice>
      <UnitOfMeasurePrice>23.90</UnitOfMeasurePrice>
      <AllowDiscount>1</AllowDiscount>
      <ItemStatus>1</ItemStatus>
    </Item>
    <Item>
      <PriceUpdateDate>2023-05-22 18:47</PriceUpdateDate>
      <ItemCode>7290116531779</ItemCode>
      <ItemType>1</ItemType>
      <ItemName>בדין נייר למייבש כחול</ItemName>
      <ManufacturerName>לא ידוע</ManufacturerName>
      <ManufactureCountry />
      <ManufacturerItemDescription>בדין נייר מרכך  למיי</ManufacturerItemDescription>
      <UnitQty>Unknown</UnitQty>
      <Quantity>0.00</Quantity>
      <bIsWeighted>0</bIsWeighted>
      <UnitOfMeasure>Unknown</UnitOfMeasure>
      <QtyInPackage>1</QtyInPackage>
      <ItemPrice>23.90</ItemPrice>
      <UnitOfMeasurePrice>23.90</UnitOfMeasurePrice>
      <AllowDiscount>1</AllowDiscount>
      <ItemStatus>1</ItemStatus>
    </Item>
    <Item>
      <PriceUpdateDate>2025-09-16 12:36</PriceUpdateDate>
      <ItemCode>7290116532011</ItemCode>
      <ItemType>1</ItemType>
      <ItemName>קליק חטיף שוקולד נוגט וחלב 35 גרם</ItemName>
      <ManufacturerName>לא ידוע</ManufacturerName>
      <ManufactureCountry />
      <ManufacturerItemDescription>קליק חטיף שוקולד נוג</ManufacturerItemDescription>
      <UnitQty>גרמים</UnitQty>
      <Quantity>35.00</Quantity>
      <bIsWeighted>0</bIsWeighted>
      <UnitOfMeasure>100 גרם</UnitOfMeasure>
      <QtyInPackage>1</QtyInPackage>
      <ItemPrice>8.90</ItemPrice>
      <UnitOfMeasurePrice>25.43</UnitOfMeasurePrice>
      <AllowDiscount>1</AllowDiscount>
      <ItemStatus>1</ItemStatus>
    </Item>
    <Item>
      <PriceUpdateDate>2025-01-13 10:18</PriceUpdateDate>
      <ItemCode>7290116532882</ItemCode>
      <ItemType>1</ItemType>
      <ItemName>נשנושים איירביס בצל 155 גרם</ItemName>
      <ManufacturerName>לא ידוע</ManufacturerName>
      <ManufactureCountry>לא ידוע</ManufactureCountry>
      <ManufacturerItemDescription>נשנושים איירביס בצל </ManufacturerItemDescription>
      <UnitQty>גרמים</UnitQty>
      <Quantity>155.00</Quantity>
      <bIsWeighted>0</bIsWeighted>
      <UnitOfMeasure>100 גרם</UnitOfMeasure>
      <QtyInPackage>1</QtyInPackage>
      <ItemPrice>16.90</ItemPrice>
      <UnitOfMeasurePrice>10.90</UnitOfMeasurePrice>
      <AllowDiscount>1</AllowDiscount>
      <ItemStatus>1</ItemStatus>
    </Item>
    <Item>
      <PriceUpdateDate>2025-01-13 10:21</PriceUpdateDate>
      <ItemCode>7290116532899</ItemCode>
      <ItemType>1</ItemType>
      <ItemName>נשנושים איירביס פלאפל 155 גרם</ItemName>
      <ManufacturerName>לא ידוע</ManufacturerName>
      <ManufactureCountry>לא ידוע</ManufactureCountry>
      <ManufacturerItemDescription>נשנושים איירביס פלאפ</ManufacturerItemDescription>
      <UnitQty>גרמים</UnitQty>
      <Quantity>155.00</Quantity>
      <bIsWeighted>0</bIsWeighted>
      <UnitOfMeasure>100 גרם</UnitOfMeasure>
      <QtyInPackage>1</QtyInPackage>
      <ItemPrice>16.90</ItemPrice>
      <UnitOfMeasurePrice>10.90</UnitOfMeasurePrice>
      <AllowDiscount>1</AllowDiscount>
      <ItemStatus>1</ItemStatus>
    </Item>
    <Item>
      <PriceUpdateDate>2024-02-15 11:31</PriceUpdateDate>
      <ItemCode>7290116533667</ItemCode>
      <ItemType>1</ItemType>
      <ItemName>דאב דאו ספריי אינוויזיבל דריי 150 מ"ל</ItemName>
      <ManufacturerName>לא ידוע</ManufacturerName>
      <ManufactureCountry>אנגליה</ManufactureCountry>
      <ManufacturerItemDescription>דאב דאו ספריי אינווי</ManufacturerItemDescription>
      <UnitQty>מיליליטרים</UnitQty>
      <Quantity>150.00</Quantity>
      <bIsWeighted>0</bIsWeighted>
      <UnitOfMeasure>100 מ"ל</UnitOfMeasure>
      <QtyInPackage>1</QtyInPackage>
      <ItemPrice>22.90</ItemPrice>
      <UnitOfMeasurePrice>15.27</UnitOfMeasurePrice>
      <AllowDiscount>1</AllowDiscount>
      <ItemStatus>1</ItemStatus>
    </Item>
    <Item>
      <PriceUpdateDate>2025-06-06 05:55</PriceUpdateDate>
      <ItemCode>7290116533704</ItemCode>
      <ItemType>1</ItemType>
      <ItemName>דגדג חטיף אפוי מלוח 250 גרם</ItemName>
      <ManufacturerName>לא ידוע</ManufacturerName>
      <ManufactureCountry />
      <ManufacturerItemDescription>דגדג חטיף אפוי מלוח </ManufacturerItemDescription>
      <UnitQty>גרמים</UnitQty>
      <Quantity>250.00</Quantity>
      <bIsWeighted>0</bIsWeighted>
      <UnitOfMeasure>100 גרם</UnitOfMeasure>
      <QtyInPackage>1</QtyInPackage>
      <ItemPrice>16.50</ItemPrice>
      <UnitOfMeasurePrice>6.60</UnitOfMeasurePrice>
      <AllowDiscount>1</AllowDiscount>
      <ItemStatus>1</ItemStatus>
    </Item>
    <Item>
      <PriceUpdateDate>2025-04-24 17:06</PriceUpdateDate>
      <ItemCode>7290116533841</ItemCode>
      <ItemType>1</ItemType>
      <ItemName>דאב דאודורנט ספריי קלין קומפורט 150 מל</ItemName>
      <ManufacturerName>לא ידוע</ManufacturerName>
      <ManufactureCountry>בריטניה</ManufactureCountry>
      <ManufacturerItemDescription>דאב דאודורנט ספריי ק</ManufacturerItemDescription>
      <UnitQty>מיליליטרים</UnitQty>
      <Quantity>150.00</Quantity>
      <bIsWeighted>0</bIsWeighted>
      <UnitOfMeasure>100 מ"ל</UnitOfMeasure>
      <QtyInPackage>1</QtyInPackage>
      <ItemPrice>20.90</ItemPrice>
      <UnitOfMeasurePrice>13.93</UnitOfMeasurePrice>
      <AllowDiscount>1</AllowDiscount>
      <ItemStatus>1</ItemStatus>
    </Item>
    <Item>
      <PriceUpdateDate>2024-07-09 13:45</PriceUpdateDate>
      <ItemCode>7290116534817</ItemCode>
      <ItemType>1</ItemType>
      <ItemName>דייסת שיבולת שועל חמוציות וציה 300 גר</ItemName>
      <ManufacturerName>לא ידוע</ManufacturerName>
      <ManufactureCountry>איטליה</ManufactureCountry>
      <ManufacturerItemDescription>דייסת שיבולת שועל חמ</ManufacturerItemDescription>
      <UnitQty>גרמים</UnitQty>
      <Quantity>300.00</Quantity>
      <bIsWeighted>0</bIsWeighted>
      <UnitOfMeasure>100 גרם</UnitOfMeasure>
      <QtyInPackage>1</QtyInPackage>
      <ItemPrice>22.90</ItemPrice>
      <UnitOfMeasurePrice>7.63</UnitOfMeasurePrice>
      <AllowDiscount>1</AllowDiscount>
      <ItemStatus>1</ItemStatus>
    </Item>
    <Item>
      <PriceUpdateDate>2024-07-07 16:43</PriceUpdateDate>
      <ItemCode>7290116535777</ItemCode>
      <ItemType>1</ItemType>
      <ItemName>נמס בכוס סחלב קלאסי 50 ג קנור</ItemName>
      <ManufacturerName>לא ידוע</ManufacturerName>
      <ManufactureCountry>לא ידוע</ManufactureCountry>
      <ManufacturerItemDescription>נמס בכוס סחלב קלאסי </ManufacturerItemDescription>
      <UnitQty>גרמים</UnitQty>
      <Quantity>50.00</Quantity>
      <bIsWeighted>0</bIsWeighted>
      <UnitOfMeasure>100 גרם</UnitOfMeasure>
      <QtyInPackage>1</QtyInPackage>
      <ItemPrice>8.90</ItemPrice>
      <UnitOfMeasurePrice>17.80</UnitOfMeasurePrice>
      <AllowDiscount>1</AllowDiscount>
      <ItemStatus>1</ItemStatus>
    </Item>
    <Item>
      <PriceUpdateDate>2025-05-21 08:33</PriceUpdateDate>
      <ItemCode>7290116535845</ItemCode>
      <ItemType>1</ItemType>
      <ItemName>ברנפלקס אקסטרה פייבר מיני 410 גרם</ItemName>
      <ManufacturerName>לא ידוע</ManufacturerName>
      <ManufactureCountry>ישראל</ManufactureCountry>
      <ManufacturerItemDescription>ברנפלקס אקסטרה פייבר</ManufacturerItemDescription>
      <UnitQty>גרמים</UnitQty>
      <Quantity>410.00</Quantity>
      <bIsWeighted>0</bIsWeighted>
      <UnitOfMeasure>100 גרם</UnitOfMeasure>
      <QtyInPackage>1</QtyInPackage>
      <ItemPrice>29.90</ItemPrice>
      <UnitOfMeasurePrice>7.29</UnitOfMeasurePrice>
      <AllowDiscount>1</AllowDiscount>
      <ItemStatus>1</ItemStatus>
    </Item>
    <Item>
      <PriceUpdateDate>2025-05-21 08:44</PriceUpdateDate>
      <ItemCode>7290116535951</ItemCode>
      <ItemType>1</ItemType>
      <ItemName>מיונז הלמנס מופחת קלוריות לייט 864 גרם</ItemName>
      <ManufacturerName>לא ידוע</ManufacturerName>
      <ManufactureCountry>ארצות הברית</ManufactureCountry>
      <ManufacturerItemDescription>מיונז הלמנס מופחת קל</ManufacturerItemDescription>
      <UnitQty>גרמים</UnitQty>
      <Quantity>864.00</Quantity>
      <bIsWeighted>0</bIsWeighted>
      <UnitOfMeasure>100 גרם</UnitOfMeasure>
      <QtyInPackage>1</QtyInPackage>
      <ItemPrice>32.90</ItemPrice>
      <UnitOfMeasurePrice>3.81</UnitOfMeasurePrice>
      <AllowDiscount>1</AllowDiscount>
      <ItemStatus>1</ItemStatus>
    </Item>
    <Item>
      <PriceUpdateDate>2025-05-21 08:25</PriceUpdateDate>
      <ItemCode>7290116535999</ItemCode>
      <ItemType>1</ItemType>
      <ItemName>רוטב קנור שום וצילי מתוק 320 גרם</ItemName>
      <ManufacturerName>לא ידוע</ManufacturerName>
      <ManufactureCountry>לא ידוע</ManufactureCountry>
      <ManufacturerItemDescription>רוטב קנור שום וצילי </ManufacturerItemDescription>
      <UnitQty>מיליליטרים</UnitQty>
      <Quantity>320.00</Quantity>
      <bIsWeighted>0</bIsWeighted>
      <UnitOfMeasure>100 מ"ל</UnitOfMeasure>
      <QtyInPackage>1</QtyInPackage>
      <ItemPrice>15.90</ItemPrice>
      <UnitOfMeasurePrice>4.97</UnitOfMeasurePrice>
      <AllowDiscount>1</AllowDiscount>
      <ItemStatus>1</ItemStatus>
    </Item>
    <Item>
      <PriceUpdateDate>2025-05-21 08:42</PriceUpdateDate>
      <ItemCode>7290116536217</ItemCode>
      <ItemType>1</ItemType>
      <ItemName>נשנושים חטיף שיבולת שועל וסלק 200 גרם</ItemName>
      <ManufacturerName>לא ידוע</ManufacturerName>
      <ManufactureCountry>לא ידוע</ManufactureCountry>
      <ManufacturerItemDescription>נשנושים חטיף שיבולת </ManufacturerItemDescription>
      <UnitQty>גרמים</UnitQty>
      <Quantity>200.00</Quantity>
      <bIsWeighted>0</bIsWeighted>
      <UnitOfMeasure>100 גרם</UnitOfMeasure>
      <QtyInPackage>1</QtyInPackage>
      <ItemPrice>19.90</ItemPrice>
      <UnitOfMeasurePrice>9.95</UnitOfMeasurePrice>
      <AllowDiscount>1</AllowDiscount>
      <ItemStatus>1</ItemStatus>
    </Item>
    <Item>
      <PriceUpdateDate>2025-05-21 08:30</PriceUpdateDate>
      <ItemCode>7290116536224</ItemCode>
      <ItemType>1</ItemType>
      <ItemName>נשנושים חטיף עגבניות ופלפלים 200 גרם</ItemName>
      <ManufacturerName>לא ידוע</ManufacturerName>
      <ManufactureCountry>לא ידוע</ManufactureCountry>
      <ManufacturerItemDescription>נשנושים חטיף עגבניות</ManufacturerItemDescription>
      <UnitQty>גרמים</UnitQty>
      <Quantity>200.00</Quantity>
      <bIsWeighted>0</bIsWeighted>
      <UnitOfMeasure>100 גרם</UnitOfMeasure>
      <QtyInPackage>1</QtyInPackage>
      <ItemPrice>19.90</ItemPrice>
      <UnitOfMeasurePrice>9.95</UnitOfMeasurePrice>
      <AllowDiscount>1</AllowDiscount>
      <ItemStatus>1</ItemStatus>
    </Item>
    <Item>
      <PriceUpdateDate>2025-06-06 05:55</PriceUpdateDate>
      <ItemCode>7290116536255</ItemCode>
      <ItemType>1</ItemType>
      <ItemName>עוגי דגני בוקר 500 גרם</ItemName>
      <ManufacturerName>לא ידוע</ManufacturerName>
      <ManufactureCountry>לא ידוע</ManufactureCountry>
      <ManufacturerItemDescription>עוגי דגני בוקר 500 ג</ManufacturerItemDescription>
      <UnitQty>גרמים</UnitQty>
      <Quantity>500.00</Quantity>
      <bIsWeighted>0</bIsWeighted>
      <UnitOfMeasure>100 גרם</UnitOfMeasure>
      <QtyInPackage>1</QtyInPackage>
      <ItemPrice>33.90</ItemPrice>
      <UnitOfMeasurePrice>6.78</UnitOfMeasurePrice>
      <AllowDiscount>1</AllowDiscount>
      <ItemStatus>1</ItemStatus>
    </Item>
    <Item>
      <PriceUpdateDate>2025-09-16 12:36</PriceUpdateDate>
      <ItemCode>7290116537016</ItemCode>
      <ItemType>1</ItemType>
      <ItemName>שוקולד מריר ורד הגליל 400 גר מארז</ItemName>
      <ManufacturerName>לא ידוע</ManufacturerName>
      <ManufactureCountry>ישראל</ManufactureCountry>
      <ManufacturerItemDescription>שוקולד מריר ורד הגלי</ManufacturerItemDescription>
      <UnitQty>גרמים</UnitQty>
      <Quantity>400.00</Quantity>
      <bIsWeighted>0</bIsWeighted>
      <UnitOfMeasure>100 גרם</UnitOfMeasure>
      <QtyInPackage>1</QtyInPackage>
      <ItemPrice>27.90</ItemPrice>
      <UnitOfMeasurePrice>6.98</UnitOfMeasurePrice>
      <AllowDiscount>1</AllowDiscount>
      <ItemStatus>1</ItemStatus>
    </Item>
    <Item>
      <PriceUpdateDate>2025-03-16 17:44</PriceUpdateDate>
      <ItemCode>7290116537191</ItemCode>
      <ItemType>1</ItemType>
      <ItemName>בדין מרכך מרוכז סוויט רויאל 960 מ"ל</ItemName>
      <ManufacturerName>לא ידוע</ManufacturerName>
      <ManufactureCountry>ישראל</ManufactureCountry>
      <ManufacturerItemDescription>בדין מרכך מרוכז סווי</ManufacturerItemDescription>
      <UnitQty>מיליליטרים</UnitQty>
      <Quantity>960.00</Quantity>
      <bIsWeighted>0</bIsWeighted>
      <UnitOfMeasure>100 מ"ל</UnitOfMeasure>
      <QtyInPackage>1</QtyInPackage>
      <ItemPrice>19.90</ItemPrice>
      <UnitOfMeasurePrice>2.07</UnitOfMeasurePrice>
      <AllowDiscount>1</AllowDiscount>
      <ItemStatus>1</ItemStatus>
    </Item>
    <Item>
      <PriceUpdateDate>2025-03-18 23:01</PriceUpdateDate>
      <ItemCode>7290116537207</ItemCode>
      <ItemType>1</ItemType>
      <ItemName>בדין מרכך מרוכז אלגנס קייר 960 מ"ל</ItemName>
      <ManufacturerName>לא ידוע</ManufacturerName>
      <ManufactureCountry>ישראל</ManufactureCountry>
      <ManufacturerItemDescription>בדין מרכך מרוכז אלגנ</ManufacturerItemDescription>
      <UnitQty>מיליליטרים</UnitQty>
      <Quantity>960.00</Quantity>
      <bIsWeighted>0</bIsWeighted>
      <UnitOfMeasure>100 מ"ל</UnitOfMeasure>
      <QtyInPackage>1</QtyInPackage>
      <ItemPrice>19.90</ItemPrice>
      <UnitOfMeasurePrice>2.07</UnitOfMeasurePrice>
      <AllowDiscount>1</AllowDiscount>
      <ItemStatus>1</ItemStatus>
    </Item>
    <Item>
      <PriceUpdateDate>2025-06-06 05:57</PriceUpdateDate>
      <ItemCode>7290116537351</ItemCode>
      <ItemType>1</ItemType>
      <ItemName>כריות נוגט 686 גרם - קופסא</ItemName>
      <ManufacturerName>לא ידוע</ManufacturerName>
      <ManufactureCountry>ישראל</ManufactureCountry>
      <ManufacturerItemDescription>כריות נוגט 686 גרם -</ManufacturerItemDescription>
      <UnitQty>גרמים</UnitQty>
      <Quantity>686.00</Quantity>
      <bIsWeighted>0</bIsWeighted>
      <UnitOfMeasure>100 גרם</UnitOfMeasure>
      <QtyInPackage>1</QtyInPackage>
      <ItemPrice>34.90</ItemPrice>
      <UnitOfMeasurePrice>5.09</UnitOfMeasurePrice>
      <AllowDiscount>1</AllowDiscount>
      <ItemStatus>1</ItemStatus>
    </Item>
    <Item>
      <PriceUpdateDate>2025-01-07 17:03</PriceUpdateDate>
      <ItemCode>7290116537375</ItemCode>
      <ItemType>1</ItemType>
      <ItemName>קליק כריות 65 גרם</ItemName>
      <ManufacturerName>לא ידוע</ManufacturerName>
      <ManufactureCountry>IL</ManufactureCountry>
      <ManufacturerItemDescription>קליק כריות 65 גרם   </ManufacturerItemDescription>
      <UnitQty>גרמים</UnitQty>
      <Quantity>65.00</Quantity>
      <bIsWeighted>0</bIsWeighted>
      <UnitOfMeasure>100 גרם</UnitOfMeasure>
      <QtyInPackage>1</QtyInPackage>
      <ItemPrice>10.50</ItemPrice>
      <UnitOfMeasurePrice>16.15</UnitOfMeasurePrice>
      <AllowDiscount>1</AllowDiscount>
      <ItemStatus>1</ItemStatus>
    </Item>
    <Item>
      <PriceUpdateDate>2025-06-30 23:01</PriceUpdateDate>
      <ItemCode>7290116537474</ItemCode>
      <ItemType>1</ItemType>
      <ItemName>בייגלה דקים דקים בטעם חמוץ מתוק 300 גרם</ItemName>
      <ManufacturerName>לא ידוע</ManufacturerName>
      <ManufactureCountry>ישראל</ManufactureCountry>
      <ManufacturerItemDescription>בייגלה דקים דקים בטע</ManufacturerItemDescription>
      <UnitQty>גרמים</UnitQty>
      <Quantity>300.00</Quantity>
      <bIsWeighted>0</bIsWeighted>
      <UnitOfMeasure>100 גרם</UnitOfMeasure>
      <QtyInPackage>1</QtyInPackage>
      <ItemPrice>16.50</ItemPrice>
      <UnitOfMeasurePrice>5.50</UnitOfMeasurePrice>
      <AllowDiscount>1</AllowDiscount>
      <ItemStatus>1</ItemStatus>
    </Item>
    <Item>
      <PriceUpdateDate>2025-06-30 23:01</PriceUpdateDate>
      <ItemCode>7290116537719</ItemCode>
      <ItemType>1</ItemType>
      <ItemName>קנור פירה בטעם ביתי 50 גרם</ItemName>
      <ManufacturerName>לא ידוע</ManufacturerName>
      <ManufactureCountry>ישראל</ManufactureCountry>
      <ManufacturerItemDescription>קנור פירה בטעם ביתי </ManufacturerItemDescription>
      <UnitQty>גרמים</UnitQty>
      <Quantity>50.00</Quantity>
      <bIsWeighted>0</bIsWeighted>
      <UnitOfMeasure>100 גרם</UnitOfMeasure>
      <QtyInPackage>1</QtyInPackage>
      <ItemPrice>8.50</ItemPrice>
      <UnitOfMeasurePrice>17.00</UnitOfMeasurePrice>
      <AllowDiscount>1</AllowDiscount>
      <ItemStatus>1</ItemStatus>
    </Item>
    <Item>
      <PriceUpdateDate>2025-10-28 23:00</PriceUpdateDate>
      <ItemCode>7290116537955</ItemCode>
      <ItemType>1</ItemType>
      <ItemName>כריות במילוי קרם בטעם שוקולד תלמה 348 ג</ItemName>
      <ManufacturerName>לא ידוע</ManufacturerName>
      <ManufactureCountry>IL</ManufactureCountry>
      <ManufacturerItemDescription>כריות קרם שוקולד 348</ManufacturerItemDescription>
      <UnitQty>גרמים</UnitQty>
      <Quantity>348.00</Quantity>
      <bIsWeighted>0</bIsWeighted>
      <UnitOfMeasure>100 גרם</UnitOfMeasure>
      <QtyInPackage>1</QtyInPackage>
      <ItemPrice>32.90</ItemPrice>
      <UnitOfMeasurePrice>9.45</UnitOfMeasurePrice>
      <AllowDiscount>1</AllowDiscount>
      <ItemStatus>1</ItemStatus>
    </Item>
    <Item>
      <PriceUpdateDate>2024-05-20 11:36</PriceUpdateDate>
      <ItemCode>7290116931241</ItemCode>
      <ItemType>1</ItemType>
      <ItemName>קוטג 12% תנובה 250 גרם</ItemName>
      <ManufacturerName>לא ידוע</ManufacturerName>
      <ManufactureCountry />
      <ManufacturerItemDescription>קוטג 12% תנובה 250 ג</ManufacturerItemDescription>
      <UnitQty>גרמים</UnitQty>
      <Quantity>250.00</Quantity>
      <bIsWeighted>0</bIsWeighted>
      <UnitOfMeasure>100 גרם</UnitOfMeasure>
      <QtyInPackage>1</QtyInPackage>
      <ItemPrice>6.90</ItemPrice>
      <UnitOfMeasurePrice>2.76</UnitOfMeasurePrice>
      <AllowDiscount>1</AllowDiscount>
      <ItemStatus>1</ItemStatus>
    </Item>
    <Item>
      <PriceUpdateDate>2025-05-23 08:04</PriceUpdateDate>
      <ItemCode>7290116931524</ItemCode>
      <ItemType>1</ItemType>
      <ItemName>פרוסות גאודה עמק 200 גרם</ItemName>
      <ManufacturerName>לא ידוע</ManufacturerName>
      <ManufactureCountry />
      <ManufacturerItemDescription>פרוסות גאודה עמק 200</ManufacturerItemDescription>
      <UnitQty>גרמים</UnitQty>
      <Quantity>200.00</Quantity>
      <bIsWeighted>0</bIsWeighted>
      <UnitOfMeasure>100 גרם</UnitOfMeasure>
      <QtyInPackage>1</QtyInPackage>
      <ItemPrice>30.30</ItemPrice>
      <UnitOfMeasurePrice>15.15</UnitOfMeasurePrice>
      <AllowDiscount>1</AllowDiscount>
      <ItemStatus>1</ItemStatus>
    </Item>
    <Item>
      <PriceUpdateDate>2025-05-23 08:11</PriceUpdateDate>
      <ItemCode>7290116932033</ItemCode>
      <ItemType>1</ItemType>
      <ItemName>חמאה מהדרין 200 גר</ItemName>
      <ManufacturerName>לא ידוע</ManufacturerName>
      <ManufactureCountry>לא ידוע</ManufactureCountry>
      <ManufacturerItemDescription>חמאה מהדרין 200 גר  </ManufacturerItemDescription>
      <UnitQty>גרמים</UnitQty>
      <Quantity>200.00</Quantity>
      <bIsWeighted>0</bIsWeighted>
      <UnitOfMeasure>100 גרם</UnitOfMeasure>
      <QtyInPackage>1</QtyInPackage>
      <ItemPrice>12.70</ItemPrice>
      <UnitOfMeasurePrice>6.35</UnitOfMeasurePrice>
      <AllowDiscount>1</AllowDiscount>
      <ItemStatus>1</ItemStatus>
    </Item>
    <Item>
      <PriceUpdateDate>2025-05-23 08:11</PriceUpdateDate>
      <ItemCode>7290116932484</ItemCode>
      <ItemType>1</ItemType>
      <ItemName>יוגורט גו אוורירי בטעם וניל 1% 200 מ"ל</ItemName>
      <ManufacturerName>לא ידוע</ManufacturerName>
      <ManufactureCountry>ישראל</ManufactureCountry>
      <ManufacturerItemDescription>יוגורט גו אוורירי בט</ManufacturerItemDescription>
      <UnitQty>מיליליטרים</UnitQty>
      <Quantity>200.00</Quantity>
      <bIsWeighted>0</bIsWeighted>
      <UnitOfMeasure>100 מ"ל</UnitOfMeasure>
      <QtyInPackage>1</QtyInPackage>
      <ItemPrice>7.30</ItemPrice>
      <UnitOfMeasurePrice>3.65</UnitOfMeasurePrice>
      <AllowDiscount>1</AllowDiscount>
      <ItemStatus>1</ItemStatus>
    </Item>
    <Item>
      <PriceUpdateDate>2025-05-23 08:11</PriceUpdateDate>
      <ItemCode>7290116932620</ItemCode>
      <ItemType>1</ItemType>
      <ItemName>יופלה גו טבעי נטול לקטוז 200 גרם</ItemName>
      <ManufacturerName>לא ידוע</ManufacturerName>
      <ManufactureCountry>לא ידוע</ManufactureCountry>
      <ManufacturerItemDescription>יופלה גו טבעי נטול ל</ManufacturerItemDescription>
      <UnitQty>מיליליטרים</UnitQty>
      <Quantity>200.00</Quantity>
      <bIsWeighted>0</bIsWeighted>
      <UnitOfMeasure>100 מ"ל</UnitOfMeasure>
      <QtyInPackage>1</QtyInPackage>
      <ItemPrice>7.30</ItemPrice>
      <UnitOfMeasurePrice>3.65</UnitOfMeasurePrice>
      <AllowDiscount>1</AllowDiscount>
      <ItemStatus>1</ItemStatus>
    </Item>
    <Item>
      <PriceUpdateDate>2025-05-23 08:11</PriceUpdateDate>
      <ItemCode>7290116932774</ItemCode>
      <ItemType>1</ItemType>
      <ItemName>משקה יוגורט גו בטעם בננה קרמל 500 מ"ל</ItemName>
      <ManufacturerName>לא ידוע</ManufacturerName>
      <ManufactureCountry>ישראל</ManufactureCountry>
      <ManufacturerItemDescription>משקה יוגורט גו בטעם </ManufacturerItemDescription>
      <UnitQty>מיליליטרים</UnitQty>
      <Quantity>500.00</Quantity>
      <bIsWeighted>0</bIsWeighted>
      <UnitOfMeasure>100 מ"ל</UnitOfMeasure>
      <QtyInPackage>1</QtyInPackage>
      <ItemPrice>15.80</ItemPrice>
      <UnitOfMeasurePrice>3.16</UnitOfMeasurePrice>
      <AllowDiscount>1</AllowDiscount>
      <ItemStatus>1</ItemStatus>
    </Item>
    <Item>
      <PriceUpdateDate>2025-05-23 08:11</PriceUpdateDate>
      <ItemCode>7290116932781</ItemCode>
      <ItemType>1</ItemType>
      <ItemName>משקה יוגורט גו בטעם אפרסק פסיפלורה 500 מ</ItemName>
      <ManufacturerName>לא ידוע</ManufacturerName>
      <ManufactureCountry>ישראל</ManufactureCountry>
      <ManufacturerItemDescription>משקה יוגורט גו בטעם </ManufacturerItemDescription>
      <UnitQty>מיליליטרים</UnitQty>
      <Quantity>500.00</Quantity>
      <bIsWeighted>0</bIsWeighted>
      <UnitOfMeasure>100 מ"ל</UnitOfMeasure>
      <QtyInPackage>1</QtyInPackage>
      <ItemPrice>15.80</ItemPrice>
      <UnitOfMeasurePrice>3.16</UnitOfMeasurePrice>
      <AllowDiscount>1</AllowDiscount>
      <ItemStatus>1</ItemStatus>
    </Item>
    <Item>
      <PriceUpdateDate>2025-05-23 08:11</PriceUpdateDate>
      <ItemCode>7290116933191</ItemCode>
      <ItemType>1</ItemType>
      <ItemName>משקה GO בטעם קפה אגוזי לוז GO 340 מ"ל</ItemName>
      <ManufacturerName>לא ידוע</ManufacturerName>
      <ManufactureCountry>IL</ManufactureCountry>
      <ManufacturerItemDescription>משקה GO בטעם קפה אגו</ManufacturerItemDescription>
      <UnitQty>גרמים</UnitQty>
      <Quantity>340.00</Quantity>
      <bIsWeighted>0</bIsWeighted>
      <UnitOfMeasure>100 גרם</UnitOfMeasure>
      <QtyInPackage>1</QtyInPackage>
      <ItemPrice>11.70</ItemPrice>
      <UnitOfMeasurePrice>3.44</UnitOfMeasurePrice>
      <AllowDiscount>1</AllowDiscount>
      <ItemStatus>1</ItemStatus>
    </Item>
    <Item>
      <PriceUpdateDate>2025-05-23 08:11</PriceUpdateDate>
      <ItemCode>7290116934020</ItemCode>
      <ItemType>1</ItemType>
      <ItemName>יוגורט חלבון גו 20 גרם אוורירי בטעם קפה</ItemName>
      <ManufacturerName>לא ידוע</ManufacturerName>
      <ManufactureCountry>IL</ManufactureCountry>
      <ManufacturerItemDescription>יוגורט חלבון גו 20 ג</ManufacturerItemDescription>
      <UnitQty>מיליליטרים</UnitQty>
      <Quantity>200.00</Quantity>
      <bIsWeighted>0</bIsWeighted>
      <UnitOfMeasure>100 מ"ל</UnitOfMeasure>
      <QtyInPackage>1</QtyInPackage>
      <ItemPrice>7.30</ItemPrice>
      <UnitOfMeasurePrice>3.65</UnitOfMeasurePrice>
      <AllowDiscount>1</AllowDiscount>
      <ItemStatus>1</ItemStatus>
    </Item>
    <Item>
      <PriceUpdateDate>2025-05-23 08:11</PriceUpdateDate>
      <ItemCode>7290116934228</ItemCode>
      <ItemType>1</ItemType>
      <ItemName>משקה יוגורט חלבון 42 גרם GO  מלון תות 50</ItemName>
      <ManufacturerName>לא ידוע</ManufacturerName>
      <ManufactureCountry>IL</ManufactureCountry>
      <ManufacturerItemDescription>משקה יוגורט חלבון 42</ManufacturerItemDescription>
      <UnitQty>מיליליטרים</UnitQty>
      <Quantity>500.00</Quantity>
      <bIsWeighted>0</bIsWeighted>
      <UnitOfMeasure>100 מ"ל</UnitOfMeasure>
      <QtyInPackage>1</QtyInPackage>
      <ItemPrice>15.80</ItemPrice>
      <UnitOfMeasurePrice>3.16</UnitOfMeasurePrice>
      <AllowDiscount>1</AllowDiscount>
      <ItemStatus>1</ItemStatus>
    </Item>
    <Item>
      <PriceUpdateDate>2025-05-23 08:11</PriceUpdateDate>
      <ItemCode>7290116934402</ItemCode>
      <ItemType>1</ItemType>
      <ItemName>יוגורט גו אוורירי בטעם מנגו 1% 200 מ"ל</ItemName>
      <ManufacturerName>לא ידוע</ManufacturerName>
      <ManufactureCountry>ישראל</ManufactureCountry>
      <ManufacturerItemDescription>יוגורט גו אוורירי בט</ManufacturerItemDescription>
      <UnitQty>מיליליטרים</UnitQty>
      <Quantity>200.00</Quantity>
      <bIsWeighted>0</bIsWeighted>
      <UnitOfMeasure>100 מ"ל</UnitOfMeasure>
      <QtyInPackage>1</QtyInPackage>
      <ItemPrice>7.30</ItemPrice>
      <UnitOfMeasurePrice>3.65</UnitOfMeasurePrice>
      <AllowDiscount>1</AllowDiscount>
      <ItemStatus>1</ItemStatus>
    </Item>
    <Item>
      <PriceUpdateDate>2025-03-01 23:00</PriceUpdateDate>
      <ItemCode>7290116934471</ItemCode>
      <ItemType>1</ItemType>
      <ItemName>משקה סויה GO אגזוי לוז 500 מ"ל</ItemName>
      <ManufacturerName>לא ידוע</ManufacturerName>
      <ManufactureCountry>ישראל</ManufactureCountry>
      <ManufacturerItemDescription>משקה סויה GO אגזוי ל</ManufacturerItemDescription>
      <UnitQty>מיליליטרים</UnitQty>
      <Quantity>500.00</Quantity>
      <bIsWeighted>0</bIsWeighted>
      <UnitOfMeasure>100 מ"ל</UnitOfMeasure>
      <QtyInPackage>1</QtyInPackage>
      <ItemPrice>13.90</ItemPrice>
      <UnitOfMeasurePrice>2.78</UnitOfMeasurePrice>
      <AllowDiscount>1</AllowDiscount>
      <ItemStatus>1</ItemStatus>
    </Item>
    <Item>
      <PriceUpdateDate>2025-10-23 18:51</PriceUpdateDate>
      <ItemCode>7290116934563</ItemCode>
      <ItemType>1</ItemType>
      <ItemName>משקה שיבולת שועל בטעם קינמון</ItemName>
      <ManufacturerName>לא ידוע</ManufacturerName>
      <ManufactureCountry>IL</ManufactureCountry>
      <ManufacturerItemDescription>משקה שיבולת שועל בטע</ManufacturerItemDescription>
      <UnitQty>ליטרים</UnitQty>
      <Quantity>0.00</Quantity>
      <bIsWeighted>0</bIsWeighted>
      <UnitOfMeasure>ליטר</UnitOfMeasure>
      <QtyInPackage>1</QtyInPackage>
      <ItemPrice>15.90</ItemPrice>
      <UnitOfMeasurePrice>15.90</UnitOfMeasurePrice>
      <AllowDiscount>1</AllowDiscount>
      <ItemStatus>1</ItemStatus>
    </Item>
    <Item>
      <PriceUpdateDate>2025-05-21 08:26</PriceUpdateDate>
      <ItemCode>7290116935607</ItemCode>
      <ItemType>1</ItemType>
      <ItemName>משקה קולגן GO 340 גרם</ItemName>
      <ManufacturerName>לא ידוע</ManufacturerName>
      <ManufactureCountry>IL</ManufactureCountry>
      <ManufacturerItemDescription>משקה קולגן GO 340 גר</ManufacturerItemDescription>
      <UnitQty>גרמים</UnitQty>
      <Quantity>340.00</Quantity>
      <bIsWeighted>0</bIsWeighted>
      <UnitOfMeasure>100 גרם</UnitOfMeasure>
      <QtyInPackage>1</QtyInPackage>
      <ItemPrice>11.70</ItemPrice>
      <UnitOfMeasurePrice>3.44</UnitOfMeasurePrice>
      <AllowDiscount>1</AllowDiscount>
      <ItemStatus>1</ItemStatus>
    </Item>
    <Item>
      <PriceUpdateDate>2025-05-23 08:11</PriceUpdateDate>
      <ItemCode>7290116935614</ItemCode>
      <ItemType>1</ItemType>
      <ItemName>יוגורט יופלה GO חלבון בטעם טבעי  200 גרם</ItemName>
      <ManufacturerName>לא ידוע</ManufacturerName>
      <ManufactureCountry>ישראל</ManufactureCountry>
      <ManufacturerItemDescription>יוגורט יופלה GO חלבו</ManufacturerItemDescription>
      <UnitQty>גרמים</UnitQty>
      <Quantity>200.00</Quantity>
      <bIsWeighted>0</bIsWeighted>
      <UnitOfMeasure>100 גרם</UnitOfMeasure>
      <QtyInPackage>1</QtyInPackage>
      <ItemPrice>7.30</ItemPrice>
      <UnitOfMeasurePrice>3.65</UnitOfMeasurePrice>
      <AllowDiscount>1</AllowDiscount>
      <ItemStatus>1</ItemStatus>
    </Item>
    <Item>
      <PriceUpdateDate>2025-05-21 08:27</PriceUpdateDate>
      <ItemCode>7290116935621</ItemCode>
      <ItemType>1</ItemType>
      <ItemName>יוגורט חלבון עם נגיעות וניל 200 גרם GO</ItemName>
      <ManufacturerName>לא ידוע</ManufacturerName>
      <ManufactureCountry>ישראל</ManufactureCountry>
      <ManufacturerItemDescription>יוגורט חלבון עם נגיע</ManufacturerItemDescription>
      <UnitQty>גרמים</UnitQty>
      <Quantity>200.00</Quantity>
      <bIsWeighted>0</bIsWeighted>
      <UnitOfMeasure>100 גרם</UnitOfMeasure>
      <QtyInPackage>1</QtyInPackage>
      <ItemPrice>7.30</ItemPrice>
      <UnitOfMeasurePrice>3.65</UnitOfMeasurePrice>
      <AllowDiscount>1</AllowDiscount>
      <ItemStatus>1</ItemStatus>
    </Item>
    <Item>
      <PriceUpdateDate>2025-08-13 15:31</PriceUpdateDate>
      <ItemCode>7290116935843</ItemCode>
      <ItemType>1</ItemType>
      <ItemName>יוגורט יופלה תותים שמנת 3% 150 גרם</ItemName>
      <ManufacturerName>לא ידוע</ManufacturerName>
      <ManufactureCountry>IL</ManufactureCountry>
      <ManufacturerItemDescription>יוגורט יופלה תותים ש</ManufacturerItemDescription>
      <UnitQty>גרמים</UnitQty>
      <Quantity>150.00</Quantity>
      <bIsWeighted>0</bIsWeighted>
      <UnitOfMeasure>100 גרם</UnitOfMeasure>
      <QtyInPackage>1</QtyInPackage>
      <ItemPrice>5.90</ItemPrice>
      <UnitOfMeasurePrice>3.93</UnitOfMeasurePrice>
      <AllowDiscount>1</AllowDiscount>
      <ItemStatus>1</ItemStatus>
    </Item>
    <Item>
      <PriceUpdateDate>2025-10-23 18:51</PriceUpdateDate>
      <ItemCode>7290116936079</ItemCode>
      <ItemType>1</ItemType>
      <ItemName>טופו מעודן בטעם טבעי 300 גרם בד"ץ העדה ה</ItemName>
      <ManufacturerName>לא ידוע</ManufacturerName>
      <ManufactureCountry />
      <ManufacturerItemDescription>טופו מעודן בטעם טבעי</ManufacturerItemDescription>
      <UnitQty>גרמים</UnitQty>
      <Quantity>300.00</Quantity>
      <bIsWeighted>0</bIsWeighted>
      <UnitOfMeasure>100 גרם</UnitOfMeasure>
      <QtyInPackage>1</QtyInPackage>
      <ItemPrice>14.90</ItemPrice>
      <UnitOfMeasurePrice>4.97</UnitOfMeasurePrice>
      <AllowDiscount>1</AllowDiscount>
      <ItemStatus>1</ItemStatus>
    </Item>
    <Item>
      <PriceUpdateDate>2025-12-02 18:46</PriceUpdateDate>
      <ItemCode>7290116936123</ItemCode>
      <ItemType>1</ItemType>
      <ItemName>יוגורט גו אוורירי דובדבן 1% 200 מל</ItemName>
      <ManufacturerName>לא ידוע</ManufacturerName>
      <ManufactureCountry>IL</ManufactureCountry>
      <ManufacturerItemDescription>יוגורט גו אוורירי דו</ManufacturerItemDescription>
      <UnitQty>מיליליטרים</UnitQty>
      <Quantity>200.00</Quantity>
      <bIsWeighted>0</bIsWeighted>
      <UnitOfMeasure>100 מ"ל</UnitOfMeasure>
      <QtyInPackage>1</QtyInPackage>
      <ItemPrice>7.30</ItemPrice>
      <UnitOfMeasurePrice>3.65</UnitOfMeasurePrice>
      <AllowDiscount>1</AllowDiscount>
      <ItemStatus>1</ItemStatus>
    </Item>
    <Item>
      <PriceUpdateDate>2025-01-25 23:00</PriceUpdateDate>
      <ItemCode>7290117260401</ItemCode>
      <ItemType>1</ItemType>
      <ItemName>גבינה מוצרלה מגורדת 21% 500 גרם</ItemName>
      <ManufacturerName>לא ידוע</ManufacturerName>
      <ManufactureCountry>לא ידוע</ManufactureCountry>
      <ManufacturerItemDescription>גבינה מוצרלה מגורדת </ManufacturerItemDescription>
      <UnitQty>גרמים</UnitQty>
      <Quantity>500.00</Quantity>
      <bIsWeighted>0</bIsWeighted>
      <UnitOfMeasure>100 גרם</UnitOfMeasure>
      <QtyInPackage>1</QtyInPackage>
      <ItemPrice>26.90</ItemPrice>
      <UnitOfMeasurePrice>5.38</UnitOfMeasurePrice>
      <AllowDiscount>1</AllowDiscount>
      <ItemStatus>1</ItemStatus>
    </Item>
    <Item>
      <PriceUpdateDate>2025-03-11 08:29</PriceUpdateDate>
      <ItemCode>7290117261088</ItemCode>
      <ItemType>1</ItemType>
      <ItemName>בוראטה גבינת מוצרלה רכה 18% 150 גרם</ItemName>
      <ManufacturerName>לא ידוע</ManufacturerName>
      <ManufactureCountry />
      <ManufacturerItemDescription>בוראטה גבינת מוצרלה </ManufacturerItemDescription>
      <UnitQty>גרמים</UnitQty>
      <Quantity>150.00</Quantity>
      <bIsWeighted>0</bIsWeighted>
      <UnitOfMeasure>100 גרם</UnitOfMeasure>
      <QtyInPackage>1</QtyInPackage>
      <ItemPrice>27.90</ItemPrice>
      <UnitOfMeasurePrice>18.60</UnitOfMeasurePrice>
      <AllowDiscount>1</AllowDiscount>
      <ItemStatus>1</ItemStatus>
    </Item>
    <Item>
      <PriceUpdateDate>2025-05-04 09:09</PriceUpdateDate>
      <ItemCode>7290117264867</ItemCode>
      <ItemType>1</ItemType>
      <ItemName>עלי גפן במי מלח וילי פוד 620 גר</ItemName>
      <ManufacturerName>לא ידוע</ManufacturerName>
      <ManufactureCountry>תורכיה</ManufactureCountry>
      <ManufacturerItemDescription>עלי גפן במי מלח וילי</ManufacturerItemDescription>
      <UnitQty>גרמים</UnitQty>
      <Quantity>620.00</Quantity>
      <bIsWeighted>0</bIsWeighted>
      <UnitOfMeasure>100 גרם</UnitOfMeasure>
      <QtyInPackage>1</QtyInPackage>
      <ItemPrice>16.90</ItemPrice>
      <UnitOfMeasurePrice>2.73</UnitOfMeasurePrice>
      <AllowDiscount>1</AllowDiscount>
      <ItemStatus>1</ItemStatus>
    </Item>
    <Item>
      <PriceUpdateDate>2025-03-11 08:18</PriceUpdateDate>
      <ItemCode>7290117264904</ItemCode>
      <ItemType>1</ItemType>
      <ItemName>תותים בציפוי שוקולד מריר מוקפא 150 גרם</ItemName>
      <ManufacturerName>לא ידוע</ManufacturerName>
      <ManufactureCountry>גאורגיה</ManufactureCountry>
      <ManufacturerItemDescription>תותים בציפוי שוקולד </ManufacturerItemDescription>
      <UnitQty>גרמים</UnitQty>
      <Quantity>150.00</Quantity>
      <bIsWeighted>0</bIsWeighted>
      <UnitOfMeasure>100 גרם</UnitOfMeasure>
      <QtyInPackage>1</QtyInPackage>
      <ItemPrice>23.90</ItemPrice>
      <UnitOfMeasurePrice>15.93</UnitOfMeasurePrice>
      <AllowDiscount>1</AllowDiscount>
      <ItemStatus>1</ItemStatus>
    </Item>
    <Item>
      <PriceUpdateDate>2024-12-01 15:04</PriceUpdateDate>
      <ItemCode>7290117265130</ItemCode>
      <ItemType>1</ItemType>
      <ItemName>עלי גפן ממולאים באורז גולד פוד 400 גר</ItemName>
      <ManufacturerName>אסמה קונסרבסילק</ManufacturerName>
      <ManufactureCountry>טורקיה</ManufactureCountry>
      <ManufacturerItemDescription>עלי גפן ממולאים באור</ManufacturerItemDescription>
      <UnitQty>גרמים</UnitQty>
      <Quantity>400.00</Quantity>
      <bIsWeighted>0</bIsWeighted>
      <UnitOfMeasure>100 גרם</UnitOfMeasure>
      <QtyInPackage>1</QtyInPackage>
      <ItemPrice>16.50</ItemPrice>
      <UnitOfMeasurePrice>4.13</UnitOfMeasurePrice>
      <AllowDiscount>1</AllowDiscount>
      <ItemStatus>1</ItemStatus>
    </Item>
    <Item>
      <PriceUpdateDate>2025-06-15 15:07</PriceUpdateDate>
      <ItemCode>7290117265611</ItemCode>
      <ItemType>1</ItemType>
      <ItemName>גרעיני תירס מתוק 175 גר*3 יח</ItemName>
      <ManufacturerName>לא ידוע</ManufacturerName>
      <ManufactureCountry>סין</ManufactureCountry>
      <ManufacturerItemDescription>גרעיני תירס מתוק 175</ManufacturerItemDescription>
      <UnitQty>גרמים</UnitQty>
      <Quantity>525.00</Quantity>
      <bIsWeighted>0</bIsWeighted>
      <UnitOfMeasure>100 גרם</UnitOfMeasure>
      <QtyInPackage>1</QtyInPackage>
      <ItemPrice>13.90</ItemPrice>
      <UnitOfMeasurePrice>2.65</UnitOfMeasurePrice>
      <AllowDiscount>1</AllowDiscount>
      <ItemStatus>1</ItemStatus>
    </Item>
    <Item>
      <PriceUpdateDate>2025-02-27 16:12</PriceUpdateDate>
      <ItemCode>7290117266076</ItemCode>
      <ItemType>1</ItemType>
      <ItemName>גרגירי חומוס שלמים במי מלח 550 גר</ItemName>
      <ManufacturerName>זיגוי</ManufacturerName>
      <ManufactureCountry>סין</ManufactureCountry>
      <ManufacturerItemDescription>גרגירי חומוס שלמים ב</ManufacturerItemDescription>
      <UnitQty>גרמים</UnitQty>
      <Quantity>550.00</Quantity>
      <bIsWeighted>0</bIsWeighted>
      <UnitOfMeasure>100 גרם</UnitOfMeasure>
      <QtyInPackage>1</QtyInPackage>
      <ItemPrice>8.90</ItemPrice>
      <UnitOfMeasurePrice>1.62</UnitOfMeasurePrice>
      <AllowDiscount>1</AllowDiscount>
      <ItemStatus>1</ItemStatus>
    </Item>
    <Item>
      <PriceUpdateDate>2025-07-08 12:07</PriceUpdateDate>
      <ItemCode>7290117267011</ItemCode>
      <ItemType>1</ItemType>
      <ItemName>אטריות דקות מנת השף וילי פוד 400 גר</ItemName>
      <ManufacturerName>לא ידוע</ManufacturerName>
      <ManufactureCountry>PL</ManufactureCountry>
      <ManufacturerItemDescription>אטריות דקות מנת השף </ManufacturerItemDescription>
      <UnitQty>גרמים</UnitQty>
      <Quantity>400.00</Quantity>
      <bIsWeighted>0</bIsWeighted>
      <UnitOfMeasure>100 גרם</UnitOfMeasure>
      <QtyInPackage>1</QtyInPackage>
      <ItemPrice>6.90</ItemPrice>
      <UnitOfMeasurePrice>1.73</UnitOfMeasurePrice>
      <AllowDiscount>1</AllowDiscount>
      <ItemStatus>1</ItemStatus>
    </Item>
    <Item>
      <PriceUpdateDate>2025-07-08 12:07</PriceUpdateDate>
      <ItemCode>7290117267028</ItemCode>
      <ItemType>1</ItemType>
      <ItemName>אטריות דקיקות מנת השף וילי פוד 400 גר</ItemName>
      <ManufacturerName>לא ידוע</ManufacturerName>
      <ManufactureCountry>PL</ManufactureCountry>
      <ManufacturerItemDescription>אטריות דקיקות מנת הש</ManufacturerItemDescription>
      <UnitQty>גרמים</UnitQty>
      <Quantity>400.00</Quantity>
      <bIsWeighted>0</bIsWeighted>
      <UnitOfMeasure>100 גרם</UnitOfMeasure>
      <QtyInPackage>1</QtyInPackage>
      <ItemPrice>6.90</ItemPrice>
      <UnitOfMeasurePrice>1.73</UnitOfMeasurePrice>
      <AllowDiscount>1</AllowDiscount>
      <ItemStatus>1</ItemStatus>
    </Item>
    <Item>
      <PriceUpdateDate>2025-07-08 12:07</PriceUpdateDate>
      <ItemCode>7290117267394</ItemCode>
      <ItemType>1</ItemType>
      <ItemName>טונה בשמן זית וילי פוד 140 גר</ItemName>
      <ManufacturerName>לא ידוע</ManufacturerName>
      <ManufactureCountry>TH</ManufactureCountry>
      <ManufacturerItemDescription>טונה בשמן זית וילי פ</ManufacturerItemDescription>
      <UnitQty>גרמים</UnitQty>
      <Quantity>140.00</Quantity>
      <bIsWeighted>0</bIsWeighted>
      <UnitOfMeasure>100 גרם</UnitOfMeasure>
      <QtyInPackage>1</QtyInPackage>
      <ItemPrice>26.90</ItemPrice>
      <UnitOfMeasurePrice>19.21</UnitOfMeasurePrice>
      <AllowDiscount>1</AllowDiscount>
      <ItemStatus>1</ItemStatus>
    </Item>
    <Item>
      <PriceUpdateDate>2025-03-06 18:44</PriceUpdateDate>
      <ItemCode>7290117381199</ItemCode>
      <ItemType>1</ItemType>
      <ItemName>קרם קוקוס בקרטון מאסטר שף  250 מ"ל</ItemName>
      <ManufacturerName>לא ידוע</ManufacturerName>
      <ManufactureCountry>תאילנד</ManufactureCountry>
      <ManufacturerItemDescription>קרם קוקוס בקרטון מאס</ManufacturerItemDescription>
      <UnitQty>מיליליטרים</UnitQty>
      <Quantity>250.00</Quantity>
      <bIsWeighted>0</bIsWeighted>
      <UnitOfMeasure>100 מ"ל</UnitOfMeasure>
      <QtyInPackage>1</QtyInPackage>
      <ItemPrice>12.20</ItemPrice>
      <UnitOfMeasurePrice>4.88</UnitOfMeasurePrice>
      <AllowDiscount>1</AllowDiscount>
      <ItemStatus>1</ItemStatus>
    </Item>
    <Item>
      <PriceUpdateDate>2025-03-06 18:45</PriceUpdateDate>
      <ItemCode>7290117383070</ItemCode>
      <ItemType>1</ItemType>
      <ItemName>מאסטר שף אטריות ביצים עבות</ItemName>
      <ManufacturerName>לא ידוע</ManufacturerName>
      <ManufactureCountry>סין</ManufactureCountry>
      <ManufacturerItemDescription>מאסטר שף אטריות ביצי</ManufacturerItemDescription>
      <UnitQty>גרמים</UnitQty>
      <Quantity>340.00</Quantity>
      <bIsWeighted>0</bIsWeighted>
      <UnitOfMeasure>100 גרם</UnitOfMeasure>
      <QtyInPackage>1</QtyInPackage>
      <ItemPrice>13.20</ItemPrice>
      <UnitOfMeasurePrice>3.88</UnitOfMeasurePrice>
      <AllowDiscount>1</AllowDiscount>
      <ItemStatus>1</ItemStatus>
    </Item>
    <Item>
      <PriceUpdateDate>2025-03-06 18:45</PriceUpdateDate>
      <ItemCode>7290117383087</ItemCode>
      <ItemType>1</ItemType>
      <ItemName>מאסטר שף אטריות ביצים דקות</ItemName>
      <ManufacturerName>לא ידוע</ManufacturerName>
      <ManufactureCountry>סין</ManufactureCountry>
      <ManufacturerItemDescription>מאסטר שף אטריות ביצי</ManufacturerItemDescription>
      <UnitQty>גרמים</UnitQty>
      <Quantity>340.00</Quantity>
      <bIsWeighted>0</bIsWeighted>
      <UnitOfMeasure>100 גרם</UnitOfMeasure>
      <QtyInPackage>1</QtyInPackage>
      <ItemPrice>13.20</ItemPrice>
      <UnitOfMeasurePrice>3.88</UnitOfMeasurePrice>
      <AllowDiscount>1</AllowDiscount>
      <ItemStatus>1</ItemStatus>
    </Item>
    <Item>
      <PriceUpdateDate>2025-02-27 09:58</PriceUpdateDate>
      <ItemCode>7290117389096</ItemCode>
      <ItemType>1</ItemType>
      <ItemName>קוקי שקיות לצלייה מהירה L 10 יח</ItemName>
      <ManufacturerName>לא ידוע</ManufacturerName>
      <ManufactureCountry>לא ידוע</ManufactureCountry>
      <ManufacturerItemDescription>קוקי שקיות לצלייה מה</ManufacturerItemDescription>
      <UnitQty>Unknown</UnitQty>
      <Quantity>0.00</Quantity>
      <bIsWeighted>0</bIsWeighted>
      <UnitOfMeasure>Unknown</UnitOfMeasure>
      <QtyInPackage>1</QtyInPackage>
      <ItemPrice>12.50</ItemPrice>
      <UnitOfMeasurePrice>12.50</UnitOfMeasurePrice>
      <AllowDiscount>1</AllowDiscount>
      <ItemStatus>1</ItemStatus>
    </Item>
    <Item>
      <PriceUpdateDate>2025-02-24 11:01</PriceUpdateDate>
      <ItemCode>7290117389300</ItemCode>
      <ItemType>1</ItemType>
      <ItemName>מאסטר שף תבשיל אישי בטעם עוף 60 גרם</ItemName>
      <ManufacturerName>לא ידוע</ManufacturerName>
      <ManufactureCountry>ויטנאם</ManufactureCountry>
      <ManufacturerItemDescription>מאסטר שף תבשיל אישי </ManufacturerItemDescription>
      <UnitQty>גרמים</UnitQty>
      <Quantity>60.00</Quantity>
      <bIsWeighted>0</bIsWeighted>
      <UnitOfMeasure>100 גרם</UnitOfMeasure>
      <QtyInPackage>1</QtyInPackage>
      <ItemPrice>8.30</ItemPrice>
      <UnitOfMeasurePrice>13.83</UnitOfMeasurePrice>
      <AllowDiscount>1</AllowDiscount>
      <ItemStatus>1</ItemStatus>
    </Item>
    <Item>
      <PriceUpdateDate>2024-12-04 16:05</PriceUpdateDate>
      <ItemCode>7290117389751</ItemCode>
      <ItemType>1</ItemType>
      <ItemName>בלונס פדים להסרת איפור פרוטאין משי 3*80</ItemName>
      <ManufacturerName>לא ידוע</ManufacturerName>
      <ManufactureCountry>לא ידוע</ManufactureCountry>
      <ManufacturerItemDescription>בלונס פדים להסרת איפ</ManufacturerItemDescription>
      <UnitQty>Unknown</UnitQty>
      <Quantity>0.00</Quantity>
      <bIsWeighted>0</bIsWeighted>
      <UnitOfMeasure>Unknown</UnitOfMeasure>
      <QtyInPackage>1</QtyInPackage>
      <ItemPrice>25.90</ItemPrice>
      <UnitOfMeasurePrice>25.90</UnitOfMeasurePrice>
      <AllowDiscount>1</AllowDiscount>
      <ItemStatus>1</ItemStatus>
    </Item>
    <Item>
      <PriceUpdateDate>2025-03-11 08:19</PriceUpdateDate>
      <ItemCode>7290117610961</ItemCode>
      <ItemType>1</ItemType>
      <ItemName>המבורגר מסעדות אסאדו 500 גרם הקצביה</ItemName>
      <ManufacturerName>לא ידוע</ManufacturerName>
      <ManufactureCountry />
      <ManufacturerItemDescription>המבורגר מסעדות אסאדו</ManufacturerItemDescription>
      <UnitQty>גרמים</UnitQty>
      <Quantity>500.00</Quantity>
      <bIsWeighted>0</bIsWeighted>
      <UnitOfMeasure>100 גרם</UnitOfMeasure>
      <QtyInPackage>1</QtyInPackage>
      <ItemPrice>36.90</ItemPrice>
      <UnitOfMeasurePrice>7.38</UnitOfMeasurePrice>
      <AllowDiscount>1</AllowDiscount>
      <ItemStatus>1</ItemStatus>
    </Item>
    <Item>
      <PriceUpdateDate>2025-11-14 09:54</PriceUpdateDate>
      <ItemCode>7290117901168</ItemCode>
      <ItemType>1</ItemType>
      <ItemName>מיקס אגוזים וחמוציות 250 גרם ששון הקולה</ItemName>
      <ManufacturerName>לא ידוע</ManufacturerName>
      <ManufactureCountry>לא ידוע</ManufactureCountry>
      <ManufacturerItemDescription>מיקס אגוזים וחמוציות</ManufacturerItemDescription>
      <UnitQty>גרמים</UnitQty>
      <Quantity>250.00</Quantity>
      <bIsWeighted>0</bIsWeighted>
      <UnitOfMeasure>100 גרם</UnitOfMeasure>
      <QtyInPackage>1</QtyInPackage>
      <ItemPrice>24.90</ItemPrice>
      <UnitOfMeasurePrice>9.96</UnitOfMeasurePrice>
      <AllowDiscount>1</AllowDiscount>
      <ItemStatus>1</ItemStatus>
    </Item>
    <Item>
      <PriceUpdateDate>2025-11-14 09:54</PriceUpdateDate>
      <ItemCode>7290117901175</ItemCode>
      <ItemType>1</ItemType>
      <ItemName>שקדים קלופים 225 גרם ששון הקולה</ItemName>
      <ManufacturerName>לא ידוע</ManufacturerName>
      <ManufactureCountry>לא ידוע</ManufactureCountry>
      <ManufacturerItemDescription>שקדים קלופים 225 גרם</ManufacturerItemDescription>
      <UnitQty>גרמים</UnitQty>
      <Quantity>225.00</Quantity>
      <bIsWeighted>0</bIsWeighted>
      <UnitOfMeasure>100 גרם</UnitOfMeasure>
      <QtyInPackage>1</QtyInPackage>
      <ItemPrice>24.90</ItemPrice>
      <UnitOfMeasurePrice>11.07</UnitOfMeasurePrice>
      <AllowDiscount>1</AllowDiscount>
      <ItemStatus>1</ItemStatus>
    </Item>
    <Item>
      <PriceUpdateDate>2024-02-25 17:34</PriceUpdateDate>
      <ItemCode>7290117905456</ItemCode>
      <ItemType>1</ItemType>
      <ItemName>פרוסות פלפל חלפיניו בטעם  חמוץ מתוק 360</ItemName>
      <ManufacturerName>לא ידוע</ManufacturerName>
      <ManufactureCountry>לא ידוע</ManufactureCountry>
      <ManufacturerItemDescription>פרוסות פלפל חלפיניו </ManufacturerItemDescription>
      <UnitQty>גרמים</UnitQty>
      <Quantity>360.00</Quantity>
      <bIsWeighted>0</bIsWeighted>
      <UnitOfMeasure>100 גרם</UnitOfMeasure>
      <QtyInPackage>1</QtyInPackage>
      <ItemPrice>11.90</ItemPrice>
      <UnitOfMeasurePrice>3.31</UnitOfMeasurePrice>
      <AllowDiscount>1</AllowDiscount>
      <ItemStatus>1</ItemStatus>
    </Item>
    <Item>
      <PriceUpdateDate>2025-03-25 07:08</PriceUpdateDate>
      <ItemCode>7290117906422</ItemCode>
      <ItemType>1</ItemType>
      <ItemName>קשיו קלוי גביע אקסטרה 150 גרם</ItemName>
      <ManufacturerName>לא ידוע</ManufacturerName>
      <ManufactureCountry>IL</ManufactureCountry>
      <ManufacturerItemDescription>קשיו קלוי גביע אקסטר</ManufacturerItemDescription>
      <UnitQty>גרמים</UnitQty>
      <Quantity>150.00</Quantity>
      <bIsWeighted>0</bIsWeighted>
      <UnitOfMeasure>100 גרם</UnitOfMeasure>
      <QtyInPackage>1</QtyInPackage>
      <ItemPrice>21.90</ItemPrice>
      <UnitOfMeasurePrice>14.60</UnitOfMeasurePrice>
      <AllowDiscount>1</AllowDiscount>
      <ItemStatus>1</ItemStatus>
    </Item>
    <Item>
      <PriceUpdateDate>2025-03-25 07:07</PriceUpdateDate>
      <ItemCode>7290117906439</ItemCode>
      <ItemType>1</ItemType>
      <ItemName>תערובת פיצוחים גביע אקסטרה 130 גר</ItemName>
      <ManufacturerName>לא ידוע</ManufacturerName>
      <ManufactureCountry>IL</ManufactureCountry>
      <ManufacturerItemDescription>תערובת פיצוחים גביע </ManufacturerItemDescription>
      <UnitQty>גרמים</UnitQty>
      <Quantity>130.00</Quantity>
      <bIsWeighted>0</bIsWeighted>
      <UnitOfMeasure>100 גרם</UnitOfMeasure>
      <QtyInPackage>1</QtyInPackage>
      <ItemPrice>21.90</ItemPrice>
      <UnitOfMeasurePrice>16.85</UnitOfMeasurePrice>
      <AllowDiscount>1</AllowDiscount>
      <ItemStatus>1</ItemStatus>
    </Item>
    <Item>
      <PriceUpdateDate>2025-03-11 08:23</PriceUpdateDate>
      <ItemCode>7290117906446</ItemCode>
      <ItemType>1</ItemType>
      <ItemName>בוטנים קלויים גביע אקסטרה 250 גר</ItemName>
      <ManufacturerName>לא ידוע</ManufacturerName>
      <ManufactureCountry>ישראל</ManufactureCountry>
      <ManufacturerItemDescription>בוטנים קלויים גביע א</ManufacturerItemDescription>
      <UnitQty>גרמים</UnitQty>
      <Quantity>250.00</Quantity>
      <bIsWeighted>0</bIsWeighted>
      <UnitOfMeasure>100 גרם</UnitOfMeasure>
      <QtyInPackage>1</QtyInPackage>
      <ItemPrice>14.20</ItemPrice>
      <UnitOfMeasurePrice>5.68</UnitOfMeasurePrice>
      <AllowDiscount>1</AllowDiscount>
      <ItemStatus>1</ItemStatus>
    </Item>
    <Item>
      <PriceUpdateDate>2024-05-01 09:06</PriceUpdateDate>
      <ItemCode>7290117906453</ItemCode>
      <ItemType>1</ItemType>
      <ItemName>שקדים קלויים גביע אקסטרה 150 גר</ItemName>
      <ManufacturerName>לא ידוע</ManufacturerName>
      <ManufactureCountry>ישראל</ManufactureCountry>
      <ManufacturerItemDescription>שקדים קלויים גביע אק</ManufacturerItemDescription>
      <UnitQty>גרמים</UnitQty>
      <Quantity>150.00</Quantity>
      <bIsWeighted>0</bIsWeighted>
      <UnitOfMeasure>100 גרם</UnitOfMeasure>
      <QtyInPackage>1</QtyInPackage>
      <ItemPrice>19.90</ItemPrice>
      <UnitOfMeasurePrice>13.27</UnitOfMeasurePrice>
      <AllowDiscount>1</AllowDiscount>
      <ItemStatus>1</ItemStatus>
    </Item>
    <Item>
      <PriceUpdateDate>2025-03-20 12:20</PriceUpdateDate>
      <ItemCode>7290117906460</ItemCode>
      <ItemType>1</ItemType>
      <ItemName>פיסטוק קלוי גביע אקסטרה 120 גר</ItemName>
      <ManufacturerName>לא ידוע</ManufacturerName>
      <ManufactureCountry>ישראל</ManufactureCountry>
      <ManufacturerItemDescription>פיסטוק קלוי גביע אקס</ManufacturerItemDescription>
      <UnitQty>גרמים</UnitQty>
      <Quantity>120.00</Quantity>
      <bIsWeighted>0</bIsWeighted>
      <UnitOfMeasure>100 גרם</UnitOfMeasure>
      <QtyInPackage>1</QtyInPackage>
      <ItemPrice>21.90</ItemPrice>
      <UnitOfMeasurePrice>18.25</UnitOfMeasurePrice>
      <AllowDiscount>1</AllowDiscount>
      <ItemStatus>1</ItemStatus>
    </Item>
    <Item>
      <PriceUpdateDate>2025-03-25 07:07</PriceUpdateDate>
      <ItemCode>7290117906477</ItemCode>
      <ItemType>1</ItemType>
      <ItemName>קבוקים שומשום גביע אקסטרה 200 גר</ItemName>
      <ManufacturerName>לא ידוע</ManufacturerName>
      <ManufactureCountry>ישראל</ManufactureCountry>
      <ManufacturerItemDescription>קבוקים שומשום גביע א</ManufacturerItemDescription>
      <UnitQty>גרמים</UnitQty>
      <Quantity>200.00</Quantity>
      <bIsWeighted>0</bIsWeighted>
      <UnitOfMeasure>100 גרם</UnitOfMeasure>
      <QtyInPackage>1</QtyInPackage>
      <ItemPrice>13.80</ItemPrice>
      <UnitOfMeasurePrice>6.90</UnitOfMeasurePrice>
      <AllowDiscount>1</AllowDiscount>
      <ItemStatus>1</ItemStatus>
    </Item>
    <Item>
      <PriceUpdateDate>2025-03-25 07:08</PriceUpdateDate>
      <ItemCode>7290117906491</ItemCode>
      <ItemType>1</ItemType>
      <ItemName>בוטנים מצופים אמריקאים גביע אקסטרה 250 ג</ItemName>
      <ManufacturerName>לא ידוע</ManufacturerName>
      <ManufactureCountry>ישראל</ManufactureCountry>
      <ManufacturerItemDescription>בוטנים מצופים אמריקא</ManufacturerItemDescription>
      <UnitQty>גרמים</UnitQty>
      <Quantity>250.00</Quantity>
      <bIsWeighted>0</bIsWeighted>
      <UnitOfMeasure>100 גרם</UnitOfMeasure>
      <QtyInPackage>1</QtyInPackage>
      <ItemPrice>13.80</ItemPrice>
      <UnitOfMeasurePrice>5.52</UnitOfMeasurePrice>
      <AllowDiscount>1</AllowDiscount>
      <ItemStatus>1</ItemStatus>
    </Item>
    <Item>
      <PriceUpdateDate>2025-03-25 07:07</PriceUpdateDate>
      <ItemCode>7290117906507</ItemCode>
      <ItemType>1</ItemType>
      <ItemName>חטיף מנציס גביע אקסטרה 200 גר</ItemName>
      <ManufacturerName>לא ידוע</ManufacturerName>
      <ManufactureCountry>ישראל</ManufactureCountry>
      <ManufacturerItemDescription>חטיף מנציס גביע אקסט</ManufacturerItemDescription>
      <UnitQty>גרמים</UnitQty>
      <Quantity>200.00</Quantity>
      <bIsWeighted>0</bIsWeighted>
      <UnitOfMeasure>100 גרם</UnitOfMeasure>
      <QtyInPackage>1</QtyInPackage>
      <ItemPrice>14.20</ItemPrice>
      <UnitOfMeasurePrice>7.10</UnitOfMeasurePrice>
      <AllowDiscount>1</AllowDiscount>
      <ItemStatus>1</ItemStatus>
    </Item>
    <Item>
      <PriceUpdateDate>2025-03-25 06:53</PriceUpdateDate>
      <ItemCode>7290117906514</ItemCode>
      <ItemType>1</ItemType>
      <ItemName>בוטן רביולי גביע אקסטרה 200 גרם</ItemName>
      <ManufacturerName>לא ידוע</ManufacturerName>
      <ManufactureCountry>ישראל</ManufactureCountry>
      <ManufacturerItemDescription>בוטן רביולי גביע אקס</ManufacturerItemDescription>
      <UnitQty>גרמים</UnitQty>
      <Quantity>200.00</Quantity>
      <bIsWeighted>0</bIsWeighted>
      <UnitOfMeasure>100 גרם</UnitOfMeasure>
      <QtyInPackage>1</QtyInPackage>
      <ItemPrice>21.90</ItemPrice>
      <UnitOfMeasurePrice>10.95</UnitOfMeasurePrice>
      <AllowDiscount>1</AllowDiscount>
      <ItemStatus>1</ItemStatus>
    </Item>
    <Item>
      <PriceUpdateDate>2025-03-11 08:24</PriceUpdateDate>
      <ItemCode>7290117906521</ItemCode>
      <ItemType>1</ItemType>
      <ItemName>חטיף אורז בטעם צילי גביע אקסטרה 120 גר</ItemName>
      <ManufacturerName>לא ידוע</ManufacturerName>
      <ManufactureCountry>ישראל</ManufactureCountry>
      <ManufacturerItemDescription>חטיף אורז בטעם צילי </ManufacturerItemDescription>
      <UnitQty>גרמים</UnitQty>
      <Quantity>120.00</Quantity>
      <bIsWeighted>0</bIsWeighted>
      <UnitOfMeasure>100 גרם</UnitOfMeasure>
      <QtyInPackage>1</QtyInPackage>
      <ItemPrice>15.20</ItemPrice>
      <UnitOfMeasurePrice>12.67</UnitOfMeasurePrice>
      <AllowDiscount>1</AllowDiscount>
      <ItemStatus>1</ItemStatus>
    </Item>
    <Item>
      <PriceUpdateDate>2024-05-01 09:06</PriceUpdateDate>
      <ItemCode>7290117906538</ItemCode>
      <ItemType>1</ItemType>
      <ItemName>שקדים קלופים גביע אקסטרה 170 גר</ItemName>
      <ManufacturerName>לא ידוע</ManufacturerName>
      <ManufactureCountry>ישראל</ManufactureCountry>
      <ManufacturerItemDescription>שקדים קלופים גביע אק</ManufacturerItemDescription>
      <UnitQty>גרמים</UnitQty>
      <Quantity>170.00</Quantity>
      <bIsWeighted>0</bIsWeighted>
      <UnitOfMeasure>100 גרם</UnitOfMeasure>
      <QtyInPackage>1</QtyInPackage>
      <ItemPrice>18.90</ItemPrice>
      <UnitOfMeasurePrice>11.12</UnitOfMeasurePrice>
      <AllowDiscount>1</AllowDiscount>
      <ItemStatus>1</ItemStatus>
    </Item>
    <Item>
      <PriceUpdateDate>2025-03-25 07:05</PriceUpdateDate>
      <ItemCode>7290117906545</ItemCode>
      <ItemType>1</ItemType>
      <ItemName>תערובת בריאות גביע אקסטרה 270 גר</ItemName>
      <ManufacturerName>לא ידוע</ManufacturerName>
      <ManufactureCountry>ישראל</ManufactureCountry>
      <ManufacturerItemDescription>תערובת בריאות גביע א</ManufacturerItemDescription>
      <UnitQty>גרמים</UnitQty>
      <Quantity>140.00</Quantity>
      <bIsWeighted>0</bIsWeighted>
      <UnitOfMeasure>100 גרם</UnitOfMeasure>
      <QtyInPackage>1</QtyInPackage>
      <ItemPrice>18.50</ItemPrice>
      <UnitOfMeasurePrice>13.21</UnitOfMeasurePrice>
      <AllowDiscount>1</AllowDiscount>
      <ItemStatus>1</ItemStatus>
    </Item>
    <Item>
      <PriceUpdateDate>2025-03-11 08:24</PriceUpdateDate>
      <ItemCode>7290117906569</ItemCode>
      <ItemType>1</ItemType>
      <ItemName>פקאן קלוף גביע אקסטרה 130 גר</ItemName>
      <ManufacturerName>לא ידוע</ManufacturerName>
      <ManufactureCountry>ישראל</ManufactureCountry>
      <ManufacturerItemDescription>פקאן קלוף גביע אקסטר</ManufacturerItemDescription>
      <UnitQty>גרמים</UnitQty>
      <Quantity>130.00</Quantity>
      <bIsWeighted>0</bIsWeighted>
      <UnitOfMeasure>100 גרם</UnitOfMeasure>
      <QtyInPackage>1</QtyInPackage>
      <ItemPrice>21.90</ItemPrice>
      <UnitOfMeasurePrice>16.85</UnitOfMeasurePrice>
      <AllowDiscount>1</AllowDiscount>
      <ItemStatus>1</ItemStatus>
    </Item>
    <Item>
      <PriceUpdateDate>2025-03-25 07:07</PriceUpdateDate>
      <ItemCode>7290117906576</ItemCode>
      <ItemType>1</ItemType>
      <ItemName>אגוזי מלך קלופים 170 גרם</ItemName>
      <ManufacturerName>לא ידוע</ManufacturerName>
      <ManufactureCountry>ישראל</ManufactureCountry>
      <ManufacturerItemDescription>אגוזי מלך קלופים 170</ManufacturerItemDescription>
      <UnitQty>גרמים</UnitQty>
      <Quantity>170.00</Quantity>
      <bIsWeighted>0</bIsWeighted>
      <UnitOfMeasure>100 גרם</UnitOfMeasure>
      <QtyInPackage>1</QtyInPackage>
      <ItemPrice>19.50</ItemPrice>
      <UnitOfMeasurePrice>11.47</UnitOfMeasurePrice>
      <AllowDiscount>1</AllowDiscount>
      <ItemStatus>1</ItemStatus>
    </Item>
    <Item>
      <PriceUpdateDate>2025-06-12 18:41</PriceUpdateDate>
      <ItemCode>7290117907818</ItemCode>
      <ItemType>1</ItemType>
      <ItemName>טורטיה דגנים וש. שועל מלאה שקדיה 440 גרם</ItemName>
      <ManufacturerName>לא ידוע</ManufacturerName>
      <ManufactureCountry>ספרד</ManufactureCountry>
      <ManufacturerItemDescription>טורטיה דגנים וש. שוע</ManufacturerItemDescription>
      <UnitQty>גרמים</UnitQty>
      <Quantity>270.00</Quantity>
      <bIsWeighted>0</bIsWeighted>
      <UnitOfMeasure>100 גרם</UnitOfMeasure>
      <QtyInPackage>1</QtyInPackage>
      <ItemPrice>15.90</ItemPrice>
      <UnitOfMeasurePrice>5.89</UnitOfMeasurePrice>
      <AllowDiscount>1</AllowDiscount>
      <ItemStatus>1</ItemStatus>
    </Item>
    <Item>
      <PriceUpdateDate>2024-12-26 23:00</PriceUpdateDate>
      <ItemCode>7290118181927</ItemCode>
      <ItemType>1</ItemType>
      <ItemName>בראוניז שוקולד מריר 510 גרם</ItemName>
      <ManufacturerName>לא ידוע</ManufacturerName>
      <ManufactureCountry>גרמניה</ManufactureCountry>
      <ManufacturerItemDescription>בראוניז שוקולד מריר </ManufacturerItemDescription>
      <UnitQty>גרמים</UnitQty>
      <Quantity>510.00</Quantity>
      <bIsWeighted>0</bIsWeighted>
      <UnitOfMeasure>100 גרם</UnitOfMeasure>
      <QtyInPackage>1</QtyInPackage>
      <ItemPrice>25.90</ItemPrice>
      <UnitOfMeasurePrice>5.08</UnitOfMeasurePrice>
      <AllowDiscount>1</AllowDiscount>
      <ItemStatus>1</ItemStatus>
    </Item>
    <Item>
      <PriceUpdateDate>2025-01-29 07:06</PriceUpdateDate>
      <ItemCode>7290118420811</ItemCode>
      <ItemType>1</ItemType>
      <ItemName>פיטנס פריכיות דקות מיקס דגנים וסלק 80 גר</ItemName>
      <ManufacturerName>לא ידוע</ManufacturerName>
      <ManufactureCountry>ישראל</ManufactureCountry>
      <ManufacturerItemDescription>פיטנס פריכיות דקות מ</ManufacturerItemDescription>
      <UnitQty>גרמים</UnitQty>
      <Quantity>80.00</Quantity>
      <bIsWeighted>0</bIsWeighted>
      <UnitOfMeasure>100 גרם</UnitOfMeasure>
      <QtyInPackage>1</QtyInPackage>
      <ItemPrice>16.50</ItemPrice>
      <UnitOfMeasurePrice>20.63</UnitOfMeasurePrice>
      <AllowDiscount>1</AllowDiscount>
      <ItemStatus>1</ItemStatus>
    </Item>
    <Item>
      <PriceUpdateDate>2025-03-11 15:20</PriceUpdateDate>
      <ItemCode>7290118422204</ItemCode>
      <ItemType>1</ItemType>
      <ItemName>פיטנס פריכיות בציפוי שוקולד חלב 60 גר</ItemName>
      <ManufacturerName>לא ידוע</ManufacturerName>
      <ManufactureCountry>ישראל</ManufactureCountry>
      <ManufacturerItemDescription>פיטנס פריכיות בציפוי</ManufacturerItemDescription>
      <UnitQty>גרמים</UnitQty>
      <Quantity>60.00</Quantity>
      <bIsWeighted>0</bIsWeighted>
      <UnitOfMeasure>100 גרם</UnitOfMeasure>
      <QtyInPackage>1</QtyInPackage>
      <ItemPrice>13.50</ItemPrice>
      <UnitOfMeasurePrice>22.50</UnitOfMeasurePrice>
      <AllowDiscount>1</AllowDiscount>
      <ItemStatus>1</ItemStatus>
    </Item>
    <Item>
      <PriceUpdateDate>2025-02-24 11:02</PriceUpdateDate>
      <ItemCode>7290118422440</ItemCode>
      <ItemType>1</ItemType>
      <ItemName>אסם ציפס קלאסי 150 גרם</ItemName>
      <ManufacturerName>לא ידוע</ManufacturerName>
      <ManufactureCountry>ישראל</ManufactureCountry>
      <ManufacturerItemDescription>אסם ציפס קלאסי 150 ג</ManufacturerItemDescription>
      <UnitQty>גרמים</UnitQty>
      <Quantity>150.00</Quantity>
      <bIsWeighted>0</bIsWeighted>
      <UnitOfMeasure>100 גרם</UnitOfMeasure>
      <QtyInPackage>1</QtyInPackage>
      <ItemPrice>13.50</ItemPrice>
      <UnitOfMeasurePrice>9.00</UnitOfMeasurePrice>
      <AllowDiscount>1</AllowDiscount>
      <ItemStatus>1</ItemStatus>
    </Item>
    <Item>
      <PriceUpdateDate>2025-02-24 10:52</PriceUpdateDate>
      <ItemCode>7290118422488</ItemCode>
      <ItemType>1</ItemType>
      <ItemName>אסם ציפס גלי 150 גרם</ItemName>
      <ManufacturerName>לא ידוע</ManufacturerName>
      <ManufactureCountry>ישראל</ManufactureCountry>
      <ManufacturerItemDescription>אסם ציפס גלי 150 גרם</ManufacturerItemDescription>
      <UnitQty>גרמים</UnitQty>
      <Quantity>150.00</Quantity>
      <bIsWeighted>0</bIsWeighted>
      <UnitOfMeasure>100 גרם</UnitOfMeasure>
      <QtyInPackage>1</QtyInPackage>
      <ItemPrice>13.50</ItemPrice>
      <UnitOfMeasurePrice>9.00</UnitOfMeasurePrice>
      <AllowDiscount>1</AllowDiscount>
      <ItemStatus>1</ItemStatus>
    </Item>
    <Item>
      <PriceUpdateDate>2024-07-07 17:54</PriceUpdateDate>
      <ItemCode>7290118422525</ItemCode>
      <ItemType>1</ItemType>
      <ItemName>אסם ציפס קלאסי 45 גרם</ItemName>
      <ManufacturerName>לא ידוע</ManufacturerName>
      <ManufactureCountry>ישראל</ManufactureCountry>
      <ManufacturerItemDescription>אסם ציפס קלאסי 45 גר</ManufacturerItemDescription>
      <UnitQty>גרמים</UnitQty>
      <Quantity>45.00</Quantity>
      <bIsWeighted>0</bIsWeighted>
      <UnitOfMeasure>100 גרם</UnitOfMeasure>
      <QtyInPackage>1</QtyInPackage>
      <ItemPrice>5.90</ItemPrice>
      <UnitOfMeasurePrice>13.11</UnitOfMeasurePrice>
      <AllowDiscount>1</AllowDiscount>
      <ItemStatus>1</ItemStatus>
    </Item>
    <Item>
      <PriceUpdateDate>2025-07-14 11:21</PriceUpdateDate>
      <ItemCode>7290118422723</ItemCode>
      <ItemType>1</ItemType>
      <ItemName>ערגליות מיניס בטעם תות 300ג</ItemName>
      <ManufacturerName>לא ידוע</ManufacturerName>
      <ManufactureCountry>לא ידוע</ManufactureCountry>
      <ManufacturerItemDescription>ערגליות מיניס בטעם ת</ManufacturerItemDescription>
      <UnitQty>גרמים</UnitQty>
      <Quantity>300.00</Quantity>
      <bIsWeighted>0</bIsWeighted>
      <UnitOfMeasure>100 גרם</UnitOfMeasure>
      <QtyInPackage>1</QtyInPackage>
      <ItemPrice>13.90</ItemPrice>
      <UnitOfMeasurePrice>4.63</UnitOfMeasurePrice>
      <AllowDiscount>1</AllowDiscount>
      <ItemStatus>1</ItemStatus>
    </Item>
    <Item>
      <PriceUpdateDate>2024-07-07 17:54</PriceUpdateDate>
      <ItemCode>7290118422907</ItemCode>
      <ItemType>1</ItemType>
      <ItemName>אסם ציפס פלפל צילי 45 גרם</ItemName>
      <ManufacturerName>לא ידוע</ManufacturerName>
      <ManufactureCountry>ישראל</ManufactureCountry>
      <ManufacturerItemDescription>אסם ציפס פלפל צילי 4</ManufacturerItemDescription>
      <UnitQty>גרמים</UnitQty>
      <Quantity>45.00</Quantity>
      <bIsWeighted>0</bIsWeighted>
      <UnitOfMeasure>100 גרם</UnitOfMeasure>
      <QtyInPackage>1</QtyInPackage>
      <ItemPrice>5.90</ItemPrice>
      <UnitOfMeasurePrice>13.11</UnitOfMeasurePrice>
      <AllowDiscount>1</AllowDiscount>
      <ItemStatus>1</ItemStatus>
    </Item>
    <Item>
      <PriceUpdateDate>2025-06-12 18:40</PriceUpdateDate>
      <ItemCode>7290118423669</ItemCode>
      <ItemType>1</ItemType>
      <ItemName>אפרופו טיובס טבעות בצל 50 גרם</ItemName>
      <ManufacturerName>לא ידוע</ManufacturerName>
      <ManufactureCountry>ישראל</ManufactureCountry>
      <ManufacturerItemDescription>אפרופו טיובס טבעות ב</ManufacturerItemDescription>
      <UnitQty>גרמים</UnitQty>
      <Quantity>50.00</Quantity>
      <bIsWeighted>0</bIsWeighted>
      <UnitOfMeasure>100 גרם</UnitOfMeasure>
      <QtyInPackage>1</QtyInPackage>
      <ItemPrice>7.90</ItemPrice>
      <UnitOfMeasurePrice>15.80</UnitOfMeasurePrice>
      <AllowDiscount>1</AllowDiscount>
      <ItemStatus>1</ItemStatus>
    </Item>
    <Item>
      <PriceUpdateDate>2025-06-06 05:55</PriceUpdateDate>
      <ItemCode>7290118425830</ItemCode>
      <ItemType>1</ItemType>
      <ItemName>במבה ביסלי גריל מיקס 150 גרם</ItemName>
      <ManufacturerName>לא ידוע</ManufacturerName>
      <ManufactureCountry>ישראל</ManufactureCountry>
      <ManufacturerItemDescription>במבה ביסלי גריל מיקס</ManufacturerItemDescription>
      <UnitQty>גרמים</UnitQty>
      <Quantity>150.00</Quantity>
      <bIsWeighted>0</bIsWeighted>
      <UnitOfMeasure>100 גרם</UnitOfMeasure>
      <QtyInPackage>1</QtyInPackage>
      <ItemPrice>10.90</ItemPrice>
      <UnitOfMeasurePrice>7.27</UnitOfMeasurePrice>
      <AllowDiscount>1</AllowDiscount>
      <ItemStatus>1</ItemStatus>
    </Item>
    <Item>
      <PriceUpdateDate>2025-06-06 05:57</PriceUpdateDate>
      <ItemCode>7290118426202</ItemCode>
      <ItemType>1</ItemType>
      <ItemName>במבה ביסלי גריל מיקס 70 גרם</ItemName>
      <ManufacturerName>לא ידוע</ManufacturerName>
      <ManufactureCountry>ישראל</ManufactureCountry>
      <ManufacturerItemDescription>במבה ביסלי גריל מיקס</ManufacturerItemDescription>
      <UnitQty>גרמים</UnitQty>
      <Quantity>70.00</Quantity>
      <bIsWeighted>0</bIsWeighted>
      <UnitOfMeasure>100 גרם</UnitOfMeasure>
      <QtyInPackage>1</QtyInPackage>
      <ItemPrice>6.90</ItemPrice>
      <UnitOfMeasurePrice>9.86</UnitOfMeasurePrice>
      <AllowDiscount>1</AllowDiscount>
      <ItemStatus>1</ItemStatus>
    </Item>
    <Item>
      <PriceUpdateDate>2025-06-06 05:55</PriceUpdateDate>
      <ItemCode>7290118426226</ItemCode>
      <ItemType>1</ItemType>
      <ItemName>במבה ביסלי בצל מיקס 70 גרם</ItemName>
      <ManufacturerName>לא ידוע</ManufacturerName>
      <ManufactureCountry>ישראל</ManufactureCountry>
      <ManufacturerItemDescription>במבה ביסלי בצל מיקס </ManufacturerItemDescription>
      <UnitQty>גרמים</UnitQty>
      <Quantity>70.00</Quantity>
      <bIsWeighted>0</bIsWeighted>
      <UnitOfMeasure>100 גרם</UnitOfMeasure>
      <QtyInPackage>1</QtyInPackage>
      <ItemPrice>6.90</ItemPrice>
      <UnitOfMeasurePrice>9.86</UnitOfMeasurePrice>
      <AllowDiscount>1</AllowDiscount>
      <ItemStatus>1</ItemStatus>
    </Item>
    <Item>
      <PriceUpdateDate>2025-06-06 05:57</PriceUpdateDate>
      <ItemCode>7290118426240</ItemCode>
      <ItemType>1</ItemType>
      <ItemName>במבה ביסלי ברביקיו מיקס 70 גרם</ItemName>
      <ManufacturerName>לא ידוע</ManufacturerName>
      <ManufactureCountry>ישראל</ManufactureCountry>
      <ManufacturerItemDescription>במבה ביסלי ברביקיו מ</ManufacturerItemDescription>
      <UnitQty>גרמים</UnitQty>
      <Quantity>70.00</Quantity>
      <bIsWeighted>0</bIsWeighted>
      <UnitOfMeasure>100 גרם</UnitOfMeasure>
      <QtyInPackage>1</QtyInPackage>
      <ItemPrice>6.90</ItemPrice>
      <UnitOfMeasurePrice>9.86</UnitOfMeasurePrice>
      <AllowDiscount>1</AllowDiscount>
      <ItemStatus>1</ItemStatus>
    </Item>
    <Item>
      <PriceUpdateDate>2025-06-13 23:00</PriceUpdateDate>
      <ItemCode>7290118426264</ItemCode>
      <ItemType>1</ItemType>
      <ItemName>חטיפי קרקר חמוץ חריף 150 גרם אסם</ItemName>
      <ManufacturerName>לא ידוע</ManufacturerName>
      <ManufactureCountry>ישראל</ManufactureCountry>
      <ManufacturerItemDescription>חטיפי קרקר חמוץ חריף</ManufacturerItemDescription>
      <UnitQty>גרמים</UnitQty>
      <Quantity>150.00</Quantity>
      <bIsWeighted>0</bIsWeighted>
      <UnitOfMeasure>100 גרם</UnitOfMeasure>
      <QtyInPackage>1</QtyInPackage>
      <ItemPrice>13.90</ItemPrice>
      <UnitOfMeasurePrice>9.27</UnitOfMeasurePrice>
      <AllowDiscount>1</AllowDiscount>
      <ItemStatus>1</ItemStatus>
    </Item>
    <Item>
      <PriceUpdateDate>2025-05-19 17:08</PriceUpdateDate>
      <ItemCode>7290118427520</ItemCode>
      <ItemType>1</ItemType>
      <ItemName>נודלס אטריות ביצים רחבות 350 גרם אסם</ItemName>
      <ManufacturerName>לא ידוע</ManufacturerName>
      <ManufactureCountry>איטליה</ManufactureCountry>
      <ManufacturerItemDescription>נודלס אטריות ביצים ר</ManufacturerItemDescription>
      <UnitQty>גרמים</UnitQty>
      <Quantity>350.00</Quantity>
      <bIsWeighted>0</bIsWeighted>
      <UnitOfMeasure>100 גרם</UnitOfMeasure>
      <QtyInPackage>1</QtyInPackage>
      <ItemPrice>15.90</ItemPrice>
      <UnitOfMeasurePrice>4.54</UnitOfMeasurePrice>
      <AllowDiscount>1</AllowDiscount>
      <ItemStatus>1</ItemStatus>
    </Item>
    <Item>
      <PriceUpdateDate>2025-06-24 15:28</PriceUpdateDate>
      <ItemCode>7290118427568</ItemCode>
      <ItemType>1</ItemType>
      <ItemName>מנה חמה ווק נודלס ברוטב מוקפץ 70 גרם</ItemName>
      <ManufacturerName>THAI PRESIDENT FOODS PUBLIC COMPANY</ManufacturerName>
      <ManufactureCountry>תאילנד</ManufactureCountry>
      <ManufacturerItemDescription>מנה חמה ווק נודלס בר</ManufacturerItemDescription>
      <UnitQty>גרמים</UnitQty>
      <Quantity>70.00</Quantity>
      <bIsWeighted>0</bIsWeighted>
      <UnitOfMeasure>100 גרם</UnitOfMeasure>
      <QtyInPackage>1</QtyInPackage>
      <ItemPrice>15.90</ItemPrice>
      <UnitOfMeasurePrice>22.71</UnitOfMeasurePrice>
      <AllowDiscount>1</AllowDiscount>
      <ItemStatus>1</ItemStatus>
    </Item>
    <Item>
      <PriceUpdateDate>2025-06-24 15:28</PriceUpdateDate>
      <ItemCode>7290118427582</ItemCode>
      <ItemType>1</ItemType>
      <ItemName>מנה חמה מרק בסגנון ראמן ספייסי 70 גרם</ItemName>
      <ManufacturerName>THAI PRESIDENT FOODS PUBLIC COMPANY</ManufacturerName>
      <ManufactureCountry>תאילנד</ManufactureCountry>
      <ManufacturerItemDescription>מנה חמה מרק בסגנון ר</ManufacturerItemDescription>
      <UnitQty>גרמים</UnitQty>
      <Quantity>70.00</Quantity>
      <bIsWeighted>0</bIsWeighted>
      <UnitOfMeasure>100 גרם</UnitOfMeasure>
      <QtyInPackage>1</QtyInPackage>
      <ItemPrice>15.90</ItemPrice>
      <UnitOfMeasurePrice>22.71</UnitOfMeasurePrice>
      <AllowDiscount>1</AllowDiscount>
      <ItemStatus>1</ItemStatus>
    </Item>
    <Item>
      <PriceUpdateDate>2025-06-24 15:28</PriceUpdateDate>
      <ItemCode>7290118427629</ItemCode>
      <ItemType>1</ItemType>
      <ItemName>מנה חמה מרק בסגנון ראמן 70 גרם</ItemName>
      <ManufacturerName>THAI PRESIDENT FOODS PUBLIC COMPANY</ManufacturerName>
      <ManufactureCountry>תאילנד</ManufactureCountry>
      <ManufacturerItemDescription>מנה חמה מרק בסגנון ר</ManufacturerItemDescription>
      <UnitQty>גרמים</UnitQty>
      <Quantity>70.00</Quantity>
      <bIsWeighted>0</bIsWeighted>
      <UnitOfMeasure>100 גרם</UnitOfMeasure>
      <QtyInPackage>1</QtyInPackage>
      <ItemPrice>15.90</ItemPrice>
      <UnitOfMeasurePrice>22.71</UnitOfMeasurePrice>
      <AllowDiscount>1</AllowDiscount>
      <ItemStatus>1</ItemStatus>
    </Item>
    <Item>
      <PriceUpdateDate>2025-06-24 15:28</PriceUpdateDate>
      <ItemCode>7290118427643</ItemCode>
      <ItemType>1</ItemType>
      <ItemName>מנה חמה ווק נודלס ברוטב פאד תאי 70 גרם</ItemName>
      <ManufacturerName>לא ידוע</ManufacturerName>
      <ManufactureCountry>TH</ManufactureCountry>
      <ManufacturerItemDescription>מנה חמה ווק נודלס   </ManufacturerItemDescription>
      <UnitQty>גרמים</UnitQty>
      <Quantity>70.00</Quantity>
      <bIsWeighted>0</bIsWeighted>
      <UnitOfMeasure>100 גרם</UnitOfMeasure>
      <QtyInPackage>1</QtyInPackage>
      <ItemPrice>14.90</ItemPrice>
      <UnitOfMeasurePrice>21.29</UnitOfMeasurePrice>
      <AllowDiscount>1</AllowDiscount>
      <ItemStatus>1</ItemStatus>
    </Item>
    <Item>
      <PriceUpdateDate>2025-06-24 15:28</PriceUpdateDate>
      <ItemCode>7290118427667</ItemCode>
      <ItemType>1</ItemType>
      <ItemName>מנה חמה ווק אורז בסגנון סצואן 70 גרם</ItemName>
      <ManufacturerName>THAI PRESIDENT FOODS PUBLIC COMPANY</ManufacturerName>
      <ManufactureCountry>תאילנד</ManufactureCountry>
      <ManufacturerItemDescription>מנה חמה ווק אורז בסג</ManufacturerItemDescription>
      <UnitQty>גרמים</UnitQty>
      <Quantity>70.00</Quantity>
      <bIsWeighted>0</bIsWeighted>
      <UnitOfMeasure>100 גרם</UnitOfMeasure>
      <QtyInPackage>1</QtyInPackage>
      <ItemPrice>12.90</ItemPrice>
      <UnitOfMeasurePrice>18.43</UnitOfMeasurePrice>
      <AllowDiscount>1</AllowDiscount>
      <ItemStatus>1</ItemStatus>
    </Item>
    <Item>
      <PriceUpdateDate>2025-12-21 08:59</PriceUpdateDate>
      <ItemCode>7290118427858</ItemCode>
      <ItemType>1</ItemType>
      <ItemName>פיטנס בר גרנולה שוקולד 5*38גרם</ItemName>
      <ManufacturerName>ויולנטה עוגיות</ManufacturerName>
      <ManufactureCountry>GR</ManufactureCountry>
      <ManufacturerItemDescription>פיטנס בר גרנולה שוקו</ManufacturerItemDescription>
      <UnitQty>גרמים</UnitQty>
      <Quantity>190.00</Quantity>
      <bIsWeighted>0</bIsWeighted>
      <UnitOfMeasure>100 גרם</UnitOfMeasure>
      <QtyInPackage>1</QtyInPackage>
      <ItemPrice>20.90</ItemPrice>
      <UnitOfMeasurePrice>11.00</UnitOfMeasurePrice>
      <AllowDiscount>1</AllowDiscount>
      <ItemStatus>1</ItemStatus>
    </Item>
    <Item>
      <PriceUpdateDate>2025-12-21 08:59</PriceUpdateDate>
      <ItemCode>7290118427872</ItemCode>
      <ItemType>1</ItemType>
      <ItemName>פיטנס בר גרנולה חמוציות 5*38גרם</ItemName>
      <ManufacturerName>ויולנטה עוגיות</ManufacturerName>
      <ManufactureCountry>GR</ManufactureCountry>
      <ManufacturerItemDescription>פיטנס בר גרנולה חמוצ</ManufacturerItemDescription>
      <UnitQty>גרמים</UnitQty>
      <Quantity>190.00</Quantity>
      <bIsWeighted>0</bIsWeighted>
      <UnitOfMeasure>100 גרם</UnitOfMeasure>
      <QtyInPackage>1</QtyInPackage>
      <ItemPrice>20.90</ItemPrice>
      <UnitOfMeasurePrice>11.00</UnitOfMeasurePrice>
      <AllowDiscount>1</AllowDiscount>
      <ItemStatus>1</ItemStatus>
    </Item>
    <Item>
      <PriceUpdateDate>2025-03-28 23:01</PriceUpdateDate>
      <ItemCode>7290118428374</ItemCode>
      <ItemType>1</ItemType>
      <ItemName>במבה קלאסי מארז אחיד  6*40גרם</ItemName>
      <ManufacturerName>לא ידוע</ManufacturerName>
      <ManufactureCountry>ישראל</ManufactureCountry>
      <ManufacturerItemDescription>במבה קלאסי מארז אחיד</ManufacturerItemDescription>
      <UnitQty>גרמים</UnitQty>
      <Quantity>240.00</Quantity>
      <bIsWeighted>0</bIsWeighted>
      <UnitOfMeasure>100 גרם</UnitOfMeasure>
      <QtyInPackage>1</QtyInPackage>
      <ItemPrice>19.90</ItemPrice>
      <UnitOfMeasurePrice>8.29</UnitOfMeasurePrice>
      <AllowDiscount>1</AllowDiscount>
      <ItemStatus>1</ItemStatus>
    </Item>
    <Item>
      <PriceUpdateDate>2025-06-17 15:56</PriceUpdateDate>
      <ItemCode>7290118428893</ItemCode>
      <ItemType>1</ItemType>
      <ItemName>טבעול חטיפי ברוקולי 400 גרם</ItemName>
      <ManufacturerName>לא ידוע</ManufacturerName>
      <ManufactureCountry>ישראל</ManufactureCountry>
      <ManufacturerItemDescription>טבעול חטיפי ברוקולי </ManufacturerItemDescription>
      <UnitQty>גרמים</UnitQty>
      <Quantity>400.00</Quantity>
      <bIsWeighted>0</bIsWeighted>
      <UnitOfMeasure>100 גרם</UnitOfMeasure>
      <QtyInPackage>1</QtyInPackage>
      <ItemPrice>42.90</ItemPrice>
      <UnitOfMeasurePrice>10.73</UnitOfMeasurePrice>
      <AllowDiscount>1</AllowDiscount>
      <ItemStatus>1</ItemStatus>
    </Item>
    <Item>
      <PriceUpdateDate>2025-04-29 09:18</PriceUpdateDate>
      <ItemCode>7290118751472</ItemCode>
      <ItemType>1</ItemType>
      <ItemName>סטייק אנטריקוט פרימיום טרי</ItemName>
      <ManufacturerName>לא ידוע</ManufacturerName>
      <ManufactureCountry>לא ידוע</ManufactureCountry>
      <ManufacturerItemDescription>אנטריקוט פרמיום טרי </ManufacturerItemDescription>
      <UnitQty>Unknown</UnitQty>
      <Quantity>0.00</Quantity>
      <bIsWeighted>1</bIsWeighted>
      <UnitOfMeasure>ק"ג</UnitOfMeasure>
      <QtyInPackage>0</QtyInPackage>
      <ItemPrice>199.90</ItemPrice>
      <UnitOfMeasurePrice>199.90</UnitOfMeasurePrice>
      <AllowDiscount>1</AllowDiscount>
      <ItemStatus>1</ItemStatus>
    </Item>
    <Item>
      <PriceUpdateDate>2024-07-04 09:17</PriceUpdateDate>
      <ItemCode>7290118758143</ItemCode>
      <ItemType>1</ItemType>
      <ItemName>אונטר ריב בקר טרי</ItemName>
      <ManufacturerName>לא ידוע</ManufacturerName>
      <ManufactureCountry>לא ידוע</ManufactureCountry>
      <ManufacturerItemDescription>אונטר ריב בקר       </ManufacturerItemDescription>
      <UnitQty>Unknown</UnitQty>
      <Quantity>0.00</Quantity>
      <bIsWeighted>1</bIsWeighted>
      <UnitOfMeasure>ק"ג</UnitOfMeasure>
      <QtyInPackage>0</QtyInPackage>
      <ItemPrice>74.90</ItemPrice>
      <UnitOfMeasurePrice>74.90</UnitOfMeasurePrice>
      <AllowDiscount>1</AllowDiscount>
      <ItemStatus>1</ItemStatus>
    </Item>
    <Item>
      <PriceUpdateDate>2021-03-22 17:25</PriceUpdateDate>
      <ItemCode>7290118758174</ItemCode>
      <ItemType>1</ItemType>
      <ItemName>כתף בקר מרכזי טרי</ItemName>
      <ManufacturerName>לא ידוע</ManufacturerName>
      <ManufactureCountry>לא ידוע</ManufactureCountry>
      <ManufacturerItemDescription>כתף עגל מרכזי טרי   </ManufacturerItemDescription>
      <UnitQty>Unknown</UnitQty>
      <Quantity>0.00</Quantity>
      <bIsWeighted>1</bIsWeighted>
      <UnitOfMeasure>ק"ג</UnitOfMeasure>
      <QtyInPackage>0</QtyInPackage>
      <ItemPrice>69.90</ItemPrice>
      <UnitOfMeasurePrice>69.90</UnitOfMeasurePrice>
      <AllowDiscount>1</AllowDiscount>
      <ItemStatus>1</ItemStatus>
    </Item>
    <Item>
      <PriceUpdateDate>2025-03-06 07:45</PriceUpdateDate>
      <ItemCode>7290118758198</ItemCode>
      <ItemType>1</ItemType>
      <ItemName>צלי כתף טרי</ItemName>
      <ManufacturerName>לא ידוע</ManufacturerName>
      <ManufactureCountry>לא ידוע</ManufactureCountry>
      <ManufacturerItemDescription>צלי כתף טרי         </ManufacturerItemDescription>
      <UnitQty>Unknown</UnitQty>
      <Quantity>0.00</Quantity>
      <bIsWeighted>1</bIsWeighted>
      <UnitOfMeasure>ק"ג</UnitOfMeasure>
      <QtyInPackage>0</QtyInPackage>
      <ItemPrice>99.90</ItemPrice>
      <UnitOfMeasurePrice>99.90</UnitOfMeasurePrice>
      <AllowDiscount>1</AllowDiscount>
      <ItemStatus>1</ItemStatus>
    </Item>
    <Item>
      <PriceUpdateDate>2022-09-14 13:45</PriceUpdateDate>
      <ItemCode>7290118758204</ItemCode>
      <ItemType>1</ItemType>
      <ItemName>פילה עגל מדומה טרי</ItemName>
      <ManufacturerName>לא ידוע</ManufacturerName>
      <ManufactureCountry>לא ידוע</ManufactureCountry>
      <ManufacturerItemDescription>פילה מדומה טרי      </ManufacturerItemDescription>
      <UnitQty>Unknown</UnitQty>
      <Quantity>0.00</Quantity>
      <bIsWeighted>1</bIsWeighted>
      <UnitOfMeasure>ק"ג</UnitOfMeasure>
      <QtyInPackage>0</QtyInPackage>
      <ItemPrice>69.90</ItemPrice>
      <UnitOfMeasurePrice>69.90</UnitOfMeasurePrice>
      <AllowDiscount>1</AllowDiscount>
      <ItemStatus>1</ItemStatus>
    </Item>
    <Item>
      <PriceUpdateDate>2025-02-27 09:57</PriceUpdateDate>
      <ItemCode>7290118758235</ItemCode>
      <ItemType>1</ItemType>
      <ItemName>בשר טחון טרי לקבב/המבורגר</ItemName>
      <ManufacturerName>לא ידוע</ManufacturerName>
      <ManufactureCountry>לא ידוע</ManufactureCountry>
      <ManufacturerItemDescription>בשר טחון טרי        </ManufacturerItemDescription>
      <UnitQty>Unknown</UnitQty>
      <Quantity>0.00</Quantity>
      <bIsWeighted>1</bIsWeighted>
      <UnitOfMeasure>ק"ג</UnitOfMeasure>
      <QtyInPackage>0</QtyInPackage>
      <ItemPrice>59.90</ItemPrice>
      <UnitOfMeasurePrice>59.90</UnitOfMeasurePrice>
      <AllowDiscount>1</AllowDiscount>
      <ItemStatus>1</ItemStatus>
    </Item>
    <Item>
      <PriceUpdateDate>2024-02-25 17:34</PriceUpdateDate>
      <ItemCode>7290118874997</ItemCode>
      <ItemType>1</ItemType>
      <ItemName>מרשמלו רולר 500 ג תותי פרוטי צבעוני</ItemName>
      <ManufacturerName>לא ידוע</ManufacturerName>
      <ManufactureCountry>לא ידוע</ManufactureCountry>
      <ManufacturerItemDescription>מרשמלו רולר 500 ג תו</ManufacturerItemDescription>
      <UnitQty>גרמים</UnitQty>
      <Quantity>500.00</Quantity>
      <bIsWeighted>0</bIsWeighted>
      <UnitOfMeasure>100 גרם</UnitOfMeasure>
      <QtyInPackage>1</QtyInPackage>
      <ItemPrice>26.90</ItemPrice>
      <UnitOfMeasurePrice>5.38</UnitOfMeasurePrice>
      <AllowDiscount>1</AllowDiscount>
      <ItemStatus>1</ItemStatus>
    </Item>
    <Item>
      <PriceUpdateDate>2025-09-16 12:35</PriceUpdateDate>
      <ItemCode>7290119370177</ItemCode>
      <ItemType>1</ItemType>
      <ItemName>דנונה פרו תות 20 ג ללא סוכר בננה טופי</ItemName>
      <ManufacturerName>לא ידוע</ManufacturerName>
      <ManufactureCountry>לא ידוע</ManufactureCountry>
      <ManufacturerItemDescription>דנונה פרו תות 20 ג ל</ManufacturerItemDescription>
      <UnitQty>גרמים</UnitQty>
      <Quantity>200.00</Quantity>
      <bIsWeighted>0</bIsWeighted>
      <UnitOfMeasure>100 גרם</UnitOfMeasure>
      <QtyInPackage>1</QtyInPackage>
      <ItemPrice>7.00</ItemPrice>
      <UnitOfMeasurePrice>3.50</UnitOfMeasurePrice>
      <AllowDiscount>1</AllowDiscount>
      <ItemStatus>1</ItemStatus>
    </Item>
    <Item>
      <PriceUpdateDate>2025-09-16 12:36</PriceUpdateDate>
      <ItemCode>7290119370955</ItemCode>
      <ItemType>1</ItemType>
      <ItemName>דנונה פרו 20 ג חלבון ללא סוכר וניל עוגיו</ItemName>
      <ManufacturerName>לא ידוע</ManufacturerName>
      <ManufactureCountry>לא ידוע</ManufactureCountry>
      <ManufacturerItemDescription>דנונה פרו 20 ג חלבון</ManufacturerItemDescription>
      <UnitQty>גרמים</UnitQty>
      <Quantity>200.00</Quantity>
      <bIsWeighted>0</bIsWeighted>
      <UnitOfMeasure>100 גרם</UnitOfMeasure>
      <QtyInPackage>1</QtyInPackage>
      <ItemPrice>7.00</ItemPrice>
      <UnitOfMeasurePrice>3.50</UnitOfMeasurePrice>
      <AllowDiscount>1</AllowDiscount>
      <ItemStatus>1</ItemStatus>
    </Item>
    <Item>
      <PriceUpdateDate>2025-01-14 08:32</PriceUpdateDate>
      <ItemCode>7290119372768</ItemCode>
      <ItemType>1</ItemType>
      <ItemName>חטיף מילקי 37 גר BAR</ItemName>
      <ManufacturerName>לא ידוע</ManufacturerName>
      <ManufactureCountry>IL</ManufactureCountry>
      <ManufacturerItemDescription>חטיף מילקי 45 גר BAR</ManufacturerItemDescription>
      <UnitQty>גרמים</UnitQty>
      <Quantity>37.00</Quantity>
      <bIsWeighted>0</bIsWeighted>
      <UnitOfMeasure>100 גרם</UnitOfMeasure>
      <QtyInPackage>1</QtyInPackage>
      <ItemPrice>6.90</ItemPrice>
      <UnitOfMeasurePrice>18.65</UnitOfMeasurePrice>
      <AllowDiscount>1</AllowDiscount>
      <ItemStatus>1</ItemStatus>
    </Item>
    <Item>
      <PriceUpdateDate>2025-02-24 10:56</PriceUpdateDate>
      <ItemCode>7290119373017</ItemCode>
      <ItemType>1</ItemType>
      <ItemName>פסק זמן ש.חלב במילוי וופל וקרם חלב 100 ג</ItemName>
      <ManufacturerName>לא ידוע</ManufacturerName>
      <ManufactureCountry>IL</ManufactureCountry>
      <ManufacturerItemDescription>פסק זמן ש.חלב במילוי</ManufacturerItemDescription>
      <UnitQty>גרמים</UnitQty>
      <Quantity>100.00</Quantity>
      <bIsWeighted>0</bIsWeighted>
      <UnitOfMeasure>100 גרם</UnitOfMeasure>
      <QtyInPackage>1</QtyInPackage>
      <ItemPrice>14.50</ItemPrice>
      <UnitOfMeasurePrice>14.50</UnitOfMeasurePrice>
      <AllowDiscount>1</AllowDiscount>
      <ItemStatus>1</ItemStatus>
    </Item>
    <Item>
      <PriceUpdateDate>2025-02-24 10:52</PriceUpdateDate>
      <ItemCode>7290119373024</ItemCode>
      <ItemType>1</ItemType>
      <ItemName>.פסק זמן חלב במילוי ופל וק.א.לוז  100 גר</ItemName>
      <ManufacturerName>לא ידוע</ManufacturerName>
      <ManufactureCountry>IL</ManufactureCountry>
      <ManufacturerItemDescription>פסק זמן חלב במילוי  </ManufacturerItemDescription>
      <UnitQty>גרמים</UnitQty>
      <Quantity>100.00</Quantity>
      <bIsWeighted>0</bIsWeighted>
      <UnitOfMeasure>100 גרם</UnitOfMeasure>
      <QtyInPackage>1</QtyInPackage>
      <ItemPrice>14.50</ItemPrice>
      <UnitOfMeasurePrice>14.50</UnitOfMeasurePrice>
      <AllowDiscount>1</AllowDiscount>
      <ItemStatus>1</ItemStatus>
    </Item>
    <Item>
      <PriceUpdateDate>2025-01-30 07:58</PriceUpdateDate>
      <ItemCode>7290119373345</ItemCode>
      <ItemType>1</ItemType>
      <ItemName>פריכיות משולשות תפוא ואפונה רבנות 30 גר</ItemName>
      <ManufacturerName>לא ידוע</ManufacturerName>
      <ManufactureCountry>IL</ManufactureCountry>
      <ManufacturerItemDescription>פריכיות משולשות תפוא</ManufacturerItemDescription>
      <UnitQty>גרמים</UnitQty>
      <Quantity>30.00</Quantity>
      <bIsWeighted>0</bIsWeighted>
      <UnitOfMeasure>100 גרם</UnitOfMeasure>
      <QtyInPackage>1</QtyInPackage>
      <ItemPrice>6.90</ItemPrice>
      <UnitOfMeasurePrice>23.00</UnitOfMeasurePrice>
      <AllowDiscount>1</AllowDiscount>
      <ItemStatus>1</ItemStatus>
    </Item>
    <Item>
      <PriceUpdateDate>2025-01-30 07:58</PriceUpdateDate>
      <ItemCode>7290119373352</ItemCode>
      <ItemType>1</ItemType>
      <ItemName>פריכיות משולשות תפוא וסלק רבנות 30 גר</ItemName>
      <ManufacturerName>לא ידוע</ManufacturerName>
      <ManufactureCountry>ישראל</ManufactureCountry>
      <ManufacturerItemDescription>פריכיות משולשות תפוא</ManufacturerItemDescription>
      <UnitQty>גרמים</UnitQty>
      <Quantity>30.00</Quantity>
      <bIsWeighted>0</bIsWeighted>
      <UnitOfMeasure>100 גרם</UnitOfMeasure>
      <QtyInPackage>1</QtyInPackage>
      <ItemPrice>6.90</ItemPrice>
      <UnitOfMeasurePrice>23.00</UnitOfMeasurePrice>
      <AllowDiscount>1</AllowDiscount>
      <ItemStatus>1</ItemStatus>
    </Item>
    <Item>
      <PriceUpdateDate>2023-12-20 11:12</PriceUpdateDate>
      <ItemCode>7290119373369</ItemCode>
      <ItemType>1</ItemType>
      <ItemName>פריכיות ביגים פוטטוס רבנותי 135 גר</ItemName>
      <ManufacturerName>לא ידוע</ManufacturerName>
      <ManufactureCountry>ישראל</ManufactureCountry>
      <ManufacturerItemDescription>פריכיות ביגים פוטטוס</ManufacturerItemDescription>
      <UnitQty>גרמים</UnitQty>
      <Quantity>135.00</Quantity>
      <bIsWeighted>0</bIsWeighted>
      <UnitOfMeasure>100 גרם</UnitOfMeasure>
      <QtyInPackage>1</QtyInPackage>
      <ItemPrice>13.90</ItemPrice>
      <UnitOfMeasurePrice>10.30</UnitOfMeasurePrice>
      <AllowDiscount>1</AllowDiscount>
      <ItemStatus>1</ItemStatus>
    </Item>
    <Item>
      <PriceUpdateDate>2025-04-28 11:21</PriceUpdateDate>
      <ItemCode>7290119373604</ItemCode>
      <ItemType>1</ItemType>
      <ItemName>נמס ICE שיבולת שועל 250 מ"ל</ItemName>
      <ManufacturerName>לא ידוע</ManufacturerName>
      <ManufactureCountry>גרמניה</ManufactureCountry>
      <ManufacturerItemDescription>נמס ICE שיבולת שועל </ManufacturerItemDescription>
      <UnitQty>מיליליטרים</UnitQty>
      <Quantity>250.00</Quantity>
      <bIsWeighted>0</bIsWeighted>
      <UnitOfMeasure>100 מ"ל</UnitOfMeasure>
      <QtyInPackage>1</QtyInPackage>
      <ItemPrice>10.90</ItemPrice>
      <UnitOfMeasurePrice>4.36</UnitOfMeasurePrice>
      <AllowDiscount>1</AllowDiscount>
      <ItemStatus>1</ItemStatus>
    </Item>
    <Item>
      <PriceUpdateDate>2025-10-23 18:52</PriceUpdateDate>
      <ItemCode>7290119375257</ItemCode>
      <ItemType>1</ItemType>
      <ItemName>גמדים סקוויז אפרסק משמש</ItemName>
      <ManufacturerName>לא ידוע</ManufacturerName>
      <ManufactureCountry>IL</ManufactureCountry>
      <ManufacturerItemDescription>גמדים סקוויז אפרסק מ</ManufacturerItemDescription>
      <UnitQty>גרמים</UnitQty>
      <Quantity>100.00</Quantity>
      <bIsWeighted>0</bIsWeighted>
      <UnitOfMeasure>100 גרם</UnitOfMeasure>
      <QtyInPackage>1</QtyInPackage>
      <ItemPrice>6.70</ItemPrice>
      <UnitOfMeasurePrice>6.70</UnitOfMeasurePrice>
      <AllowDiscount>1</AllowDiscount>
      <ItemStatus>1</ItemStatus>
    </Item>
    <Item>
      <PriceUpdateDate>2025-03-03 07:00</PriceUpdateDate>
      <ItemCode>7290119376636</ItemCode>
      <ItemType>1</ItemType>
      <ItemName>יוגורט דנונה מולטי תפוח 200 גרם</ItemName>
      <ManufacturerName>לא ידוע</ManufacturerName>
      <ManufactureCountry>ישראל</ManufactureCountry>
      <ManufacturerItemDescription>יוגורט דנונה מולטי ת</ManufacturerItemDescription>
      <UnitQty>גרמים</UnitQty>
      <Quantity>200.00</Quantity>
      <bIsWeighted>0</bIsWeighted>
      <UnitOfMeasure>100 גרם</UnitOfMeasure>
      <QtyInPackage>1</QtyInPackage>
      <ItemPrice>7.20</ItemPrice>
      <UnitOfMeasurePrice>3.60</UnitOfMeasurePrice>
      <AllowDiscount>1</AllowDiscount>
      <ItemStatus>1</ItemStatus>
    </Item>
    <Item>
      <PriceUpdateDate>2025-08-13 14:50</PriceUpdateDate>
      <ItemCode>7290119377107</ItemCode>
      <ItemType>1</ItemType>
      <ItemName>משפחתית מיני טעמי 357 גרם</ItemName>
      <ManufacturerName>לא ידוע</ManufacturerName>
      <ManufactureCountry>IL</ManufactureCountry>
      <ManufacturerItemDescription>משפחתית מיני טעמי 35</ManufacturerItemDescription>
      <UnitQty>גרמים</UnitQty>
      <Quantity>357.00</Quantity>
      <bIsWeighted>0</bIsWeighted>
      <UnitOfMeasure>100 גרם</UnitOfMeasure>
      <QtyInPackage>1</QtyInPackage>
      <ItemPrice>46.90</ItemPrice>
      <UnitOfMeasurePrice>13.14</UnitOfMeasurePrice>
      <AllowDiscount>1</AllowDiscount>
      <ItemStatus>1</ItemStatus>
    </Item>
    <Item>
      <PriceUpdateDate>2025-09-16 12:36</PriceUpdateDate>
      <ItemCode>7290119377480</ItemCode>
      <ItemType>1</ItemType>
      <ItemName>פרו קראנצ במתיקות מעודנת עם שוקולד 178 ג</ItemName>
      <ManufacturerName>לא ידוע</ManufacturerName>
      <ManufactureCountry>IL</ManufactureCountry>
      <ManufacturerItemDescription>פרו קראנצ במתיקות מע</ManufacturerItemDescription>
      <UnitQty>מיליליטרים</UnitQty>
      <Quantity>178.00</Quantity>
      <bIsWeighted>0</bIsWeighted>
      <UnitOfMeasure>100 מ"ל</UnitOfMeasure>
      <QtyInPackage>1</QtyInPackage>
      <ItemPrice>8.60</ItemPrice>
      <UnitOfMeasurePrice>4.83</UnitOfMeasurePrice>
      <AllowDiscount>1</AllowDiscount>
      <ItemStatus>1</ItemStatus>
    </Item>
    <Item>
      <PriceUpdateDate>2025-12-02 08:57</PriceUpdateDate>
      <ItemCode>7290119379200</ItemCode>
      <ItemType>1</ItemType>
      <ItemName>לחיץ שמן זית 280 מ"ל</ItemName>
      <ManufacturerName>לא ידוע</ManufacturerName>
      <ManufactureCountry>IL</ManufactureCountry>
      <ManufacturerItemDescription>לחיץ שמן זית 280 מ"ל</ManufacturerItemDescription>
      <UnitQty>מיליליטרים</UnitQty>
      <Quantity>280.00</Quantity>
      <bIsWeighted>0</bIsWeighted>
      <UnitOfMeasure>100 מ"ל</UnitOfMeasure>
      <QtyInPackage>1</QtyInPackage>
      <ItemPrice>24.90</ItemPrice>
      <UnitOfMeasurePrice>8.89</UnitOfMeasurePrice>
      <AllowDiscount>1</AllowDiscount>
      <ItemStatus>1</ItemStatus>
    </Item>
    <Item>
      <PriceUpdateDate>2025-10-25 23:00</PriceUpdateDate>
      <ItemCode>7290119380596</ItemCode>
      <ItemType>1</ItemType>
      <ItemName>מטבוחציל 400 גרם</ItemName>
      <ManufacturerName>לא ידוע</ManufacturerName>
      <ManufactureCountry />
      <ManufacturerItemDescription>מטבוחציל 400 גרם    </ManufacturerItemDescription>
      <UnitQty>גרמים</UnitQty>
      <Quantity>400.00</Quantity>
      <bIsWeighted>0</bIsWeighted>
      <UnitOfMeasure>100 גרם</UnitOfMeasure>
      <QtyInPackage>1</QtyInPackage>
      <ItemPrice>19.90</ItemPrice>
      <UnitOfMeasurePrice>4.98</UnitOfMeasurePrice>
      <AllowDiscount>1</AllowDiscount>
      <ItemStatus>1</ItemStatus>
    </Item>
    <Item>
      <PriceUpdateDate>2025-06-25 15:45</PriceUpdateDate>
      <ItemCode>7290119380626</ItemCode>
      <ItemType>1</ItemType>
      <ItemName>פרו קראנצ במתיקות מעודנת עם שוקולד 178 ג</ItemName>
      <ManufacturerName>לא ידוע</ManufacturerName>
      <ManufactureCountry>ישראל</ManufactureCountry>
      <ManufacturerItemDescription>פרו קראנצ במתיקות מע</ManufacturerItemDescription>
      <UnitQty>מיליליטרים</UnitQty>
      <Quantity>178.00</Quantity>
      <bIsWeighted>0</bIsWeighted>
      <UnitOfMeasure>100 מ"ל</UnitOfMeasure>
      <QtyInPackage>1</QtyInPackage>
      <ItemPrice>8.60</ItemPrice>
      <UnitOfMeasurePrice>4.83</UnitOfMeasurePrice>
      <AllowDiscount>1</AllowDiscount>
      <ItemStatus>1</ItemStatus>
    </Item>
    <Item>
      <PriceUpdateDate>2025-09-16 12:37</PriceUpdateDate>
      <ItemCode>7290119380824</ItemCode>
      <ItemType>1</ItemType>
      <ItemName>משקה קפה קר שיבולת שועל 230 מ"ל יטבתה</ItemName>
      <ManufacturerName>לא ידוע</ManufacturerName>
      <ManufactureCountry>AT</ManufactureCountry>
      <ManufacturerItemDescription>משקה קפה קר שיבולת ש</ManufacturerItemDescription>
      <UnitQty>מיליליטרים</UnitQty>
      <Quantity>230.00</Quantity>
      <bIsWeighted>0</bIsWeighted>
      <UnitOfMeasure>100 מ"ל</UnitOfMeasure>
      <QtyInPackage>1</QtyInPackage>
      <ItemPrice>12.30</ItemPrice>
      <UnitOfMeasurePrice>5.35</UnitOfMeasurePrice>
      <AllowDiscount>1</AllowDiscount>
      <ItemStatus>1</ItemStatus>
    </Item>
    <Item>
      <PriceUpdateDate>2025-08-16 23:00</PriceUpdateDate>
      <ItemCode>7290119382156</ItemCode>
      <ItemType>1</ItemType>
      <ItemName>מארז טורקי עלית  3*85 עם קליפס</ItemName>
      <ManufacturerName>לא ידוע</ManufacturerName>
      <ManufactureCountry>IL</ManufactureCountry>
      <ManufacturerItemDescription>מארז טורקי עלית  3*8</ManufacturerItemDescription>
      <UnitQty>גרמים</UnitQty>
      <Quantity>255.00</Quantity>
      <bIsWeighted>0</bIsWeighted>
      <UnitOfMeasure>100 גרם</UnitOfMeasure>
      <QtyInPackage>1</QtyInPackage>
      <ItemPrice>31.90</ItemPrice>
      <UnitOfMeasurePrice>12.51</UnitOfMeasurePrice>
      <AllowDiscount>1</AllowDiscount>
      <ItemStatus>1</ItemStatus>
    </Item>
    <Item>
      <PriceUpdateDate>2025-08-12 17:38</PriceUpdateDate>
      <ItemCode>7290119382248</ItemCode>
      <ItemType>1</ItemType>
      <ItemName>ספלנדיד חלב מקורמל קרם פיסטוק ושקדים 98ג</ItemName>
      <ManufacturerName>לא ידוע</ManufacturerName>
      <ManufactureCountry>IL</ManufactureCountry>
      <ManufacturerItemDescription>ספלנדיד חלב מקורמל ק</ManufacturerItemDescription>
      <UnitQty>גרמים</UnitQty>
      <Quantity>98.00</Quantity>
      <bIsWeighted>0</bIsWeighted>
      <UnitOfMeasure>100 גרם</UnitOfMeasure>
      <QtyInPackage>1</QtyInPackage>
      <ItemPrice>19.90</ItemPrice>
      <UnitOfMeasurePrice>20.31</UnitOfMeasurePrice>
      <AllowDiscount>1</AllowDiscount>
      <ItemStatus>1</ItemStatus>
    </Item>
    <Item>
      <PriceUpdateDate>2025-07-16 23:00</PriceUpdateDate>
      <ItemCode>7290119382286</ItemCode>
      <ItemType>1</ItemType>
      <ItemName>סוכריות מאסט לל"ס מנטה 80 גר</ItemName>
      <ManufacturerName>לא ידוע</ManufacturerName>
      <ManufactureCountry>PL</ManufactureCountry>
      <ManufacturerItemDescription>סוכריות מאסט לל"ס מנ</ManufacturerItemDescription>
      <UnitQty>Unknown</UnitQty>
      <Quantity>80.00</Quantity>
      <bIsWeighted>0</bIsWeighted>
      <UnitOfMeasure>Unknown</UnitOfMeasure>
      <QtyInPackage>1</QtyInPackage>
      <ItemPrice>13.50</ItemPrice>
      <UnitOfMeasurePrice>0.17</UnitOfMeasurePrice>
      <AllowDiscount>1</AllowDiscount>
      <ItemStatus>1</ItemStatus>
    </Item>
    <Item>
      <PriceUpdateDate>2025-08-13 14:50</PriceUpdateDate>
      <ItemCode>7290119383085</ItemCode>
      <ItemType>1</ItemType>
      <ItemName>מיקס חצי חצי מיני כיף כף ופסק זמן 346</ItemName>
      <ManufacturerName>לא ידוע</ManufacturerName>
      <ManufactureCountry>IL</ManufactureCountry>
      <ManufacturerItemDescription>מיקס חצי חצי מיני כי</ManufacturerItemDescription>
      <UnitQty>גרמים</UnitQty>
      <Quantity>346.00</Quantity>
      <bIsWeighted>0</bIsWeighted>
      <UnitOfMeasure>100 גרם</UnitOfMeasure>
      <QtyInPackage>1</QtyInPackage>
      <ItemPrice>46.90</ItemPrice>
      <UnitOfMeasurePrice>13.55</UnitOfMeasurePrice>
      <AllowDiscount>1</AllowDiscount>
      <ItemStatus>1</ItemStatus>
    </Item>
    <Item>
      <PriceUpdateDate>2025-10-23 18:52</PriceUpdateDate>
      <ItemCode>7290119383535</ItemCode>
      <ItemType>1</ItemType>
      <ItemName>מילקי שכבות בטעם ממולדה</ItemName>
      <ManufacturerName>לא ידוע</ManufacturerName>
      <ManufactureCountry>IL</ManufactureCountry>
      <ManufacturerItemDescription>מילקי שכבות בטעם ממו</ManufacturerItemDescription>
      <UnitQty>גרמים</UnitQty>
      <Quantity>113.00</Quantity>
      <bIsWeighted>0</bIsWeighted>
      <UnitOfMeasure>100 גרם</UnitOfMeasure>
      <QtyInPackage>1</QtyInPackage>
      <ItemPrice>4.50</ItemPrice>
      <UnitOfMeasurePrice>3.98</UnitOfMeasurePrice>
      <AllowDiscount>1</AllowDiscount>
      <ItemStatus>1</ItemStatus>
    </Item>
    <Item>
      <PriceUpdateDate>2025-10-05 19:45</PriceUpdateDate>
      <ItemCode>7290119384020</ItemCode>
      <ItemType>1</ItemType>
      <ItemName>שעועית לבנה ברוטב עגבניות שטראוס 380 גר</ItemName>
      <ManufacturerName>לא ידוע</ManufacturerName>
      <ManufactureCountry>IT</ManufactureCountry>
      <ManufacturerItemDescription>שעועית לבנה ברוטב עג</ManufacturerItemDescription>
      <UnitQty>גרמים</UnitQty>
      <Quantity>380.00</Quantity>
      <bIsWeighted>0</bIsWeighted>
      <UnitOfMeasure>100 גרם</UnitOfMeasure>
      <QtyInPackage>1</QtyInPackage>
      <ItemPrice>9.50</ItemPrice>
      <UnitOfMeasurePrice>2.50</UnitOfMeasurePrice>
      <AllowDiscount>1</AllowDiscount>
      <ItemStatus>1</ItemStatus>
    </Item>
    <Item>
      <PriceUpdateDate>2025-07-16 23:00</PriceUpdateDate>
      <ItemCode>7290119384068</ItemCode>
      <ItemType>1</ItemType>
      <ItemName>פרה קראנצ אגוזים 100גר</ItemName>
      <ManufacturerName>לא ידוע</ManufacturerName>
      <ManufactureCountry>IL</ManufactureCountry>
      <ManufacturerItemDescription>פרה קראנצ אגוזים 100</ManufacturerItemDescription>
      <UnitQty>גרמים</UnitQty>
      <Quantity>100.00</Quantity>
      <bIsWeighted>0</bIsWeighted>
      <UnitOfMeasure>100 גרם</UnitOfMeasure>
      <QtyInPackage>1</QtyInPackage>
      <ItemPrice>12.90</ItemPrice>
      <UnitOfMeasurePrice>12.90</UnitOfMeasurePrice>
      <AllowDiscount>1</AllowDiscount>
      <ItemStatus>1</ItemStatus>
    </Item>
    <Item>
      <PriceUpdateDate>2025-06-25 15:45</PriceUpdateDate>
      <ItemCode>7290119384242</ItemCode>
      <ItemType>1</ItemType>
      <ItemName>דנונה פרו קרם לימון 20 ג חלבון ללס 200 ג</ItemName>
      <ManufacturerName>לא ידוע</ManufacturerName>
      <ManufactureCountry>ישראל</ManufactureCountry>
      <ManufacturerItemDescription>דנונה פרו קרם לימון </ManufacturerItemDescription>
      <UnitQty>גרמים</UnitQty>
      <Quantity>200.00</Quantity>
      <bIsWeighted>0</bIsWeighted>
      <UnitOfMeasure>100 גרם</UnitOfMeasure>
      <QtyInPackage>1</QtyInPackage>
      <ItemPrice>7.00</ItemPrice>
      <UnitOfMeasurePrice>3.50</UnitOfMeasurePrice>
      <AllowDiscount>1</AllowDiscount>
      <ItemStatus>1</ItemStatus>
    </Item>
    <Item>
      <PriceUpdateDate>2025-03-25 07:07</PriceUpdateDate>
      <ItemCode>7290119420049</ItemCode>
      <ItemType>1</ItemType>
      <ItemName>פפריקה מתוקה בשמן מרוקאית 400 גרם</ItemName>
      <ManufacturerName>לא ידוע</ManufacturerName>
      <ManufactureCountry>IL</ManufactureCountry>
      <ManufacturerItemDescription>פפריקה מתוקה בשמן מר</ManufacturerItemDescription>
      <UnitQty>קילוגרמים</UnitQty>
      <Quantity>0.40</Quantity>
      <bIsWeighted>0</bIsWeighted>
      <UnitOfMeasure>ק"ג</UnitOfMeasure>
      <QtyInPackage>1</QtyInPackage>
      <ItemPrice>26.90</ItemPrice>
      <UnitOfMeasurePrice>67.25</UnitOfMeasurePrice>
      <AllowDiscount>1</AllowDiscount>
      <ItemStatus>1</ItemStatus>
    </Item>
    <Item>
      <PriceUpdateDate>2025-03-20 12:21</PriceUpdateDate>
      <ItemCode>7290119420186</ItemCode>
      <ItemType>1</ItemType>
      <ItemName>פלפל שחור שלם 40 גרם</ItemName>
      <ManufacturerName>לא ידוע</ManufacturerName>
      <ManufactureCountry>IL</ManufactureCountry>
      <ManufacturerItemDescription>פלפל שחור שלם 40 גרם</ManufacturerItemDescription>
      <UnitQty>גרמים</UnitQty>
      <Quantity>40.00</Quantity>
      <bIsWeighted>0</bIsWeighted>
      <UnitOfMeasure>100 גרם</UnitOfMeasure>
      <QtyInPackage>1</QtyInPackage>
      <ItemPrice>12.10</ItemPrice>
      <UnitOfMeasurePrice>30.25</UnitOfMeasurePrice>
      <AllowDiscount>1</AllowDiscount>
      <ItemStatus>1</ItemStatus>
    </Item>
    <Item>
      <PriceUpdateDate>2025-09-16 12:37</PriceUpdateDate>
      <ItemCode>7290119420193</ItemCode>
      <ItemType>1</ItemType>
      <ItemName>מקלות קינמון 20 גרם</ItemName>
      <ManufacturerName>לא ידוע</ManufacturerName>
      <ManufactureCountry>IL</ManufactureCountry>
      <ManufacturerItemDescription>מקלות קינמון 20 גרם </ManufacturerItemDescription>
      <UnitQty>גרמים</UnitQty>
      <Quantity>20.00</Quantity>
      <bIsWeighted>0</bIsWeighted>
      <UnitOfMeasure>100 גרם</UnitOfMeasure>
      <QtyInPackage>1</QtyInPackage>
      <ItemPrice>9.90</ItemPrice>
      <UnitOfMeasurePrice>49.50</UnitOfMeasurePrice>
      <AllowDiscount>1</AllowDiscount>
      <ItemStatus>1</ItemStatus>
    </Item>
    <Item>
      <PriceUpdateDate>2025-03-25 06:55</PriceUpdateDate>
      <ItemCode>7290119421008</ItemCode>
      <ItemType>1</ItemType>
      <ItemName>סודה לשתייה בצנצנת 500 גרם מימונס</ItemName>
      <ManufacturerName>לא ידוע</ManufacturerName>
      <ManufactureCountry>IL</ManufactureCountry>
      <ManufacturerItemDescription>סודה לשתייה בצנצנת 5</ManufacturerItemDescription>
      <UnitQty>גרמים</UnitQty>
      <Quantity>500.00</Quantity>
      <bIsWeighted>0</bIsWeighted>
      <UnitOfMeasure>100 גרם</UnitOfMeasure>
      <QtyInPackage>1</QtyInPackage>
      <ItemPrice>14.50</ItemPrice>
      <UnitOfMeasurePrice>2.90</UnitOfMeasurePrice>
      <AllowDiscount>1</AllowDiscount>
      <ItemStatus>1</ItemStatus>
    </Item>
    <Item>
      <PriceUpdateDate>2024-12-01 09:07</PriceUpdateDate>
      <ItemCode>7290119771493</ItemCode>
      <ItemType>1</ItemType>
      <ItemName>ספרינג אשכוליות 1.5 ל</ItemName>
      <ManufacturerName>לא ידוע</ManufacturerName>
      <ManufactureCountry>ישראל</ManufactureCountry>
      <ManufacturerItemDescription>ספרינג אשכוליות 1.5 </ManufacturerItemDescription>
      <UnitQty>ליטרים</UnitQty>
      <Quantity>0.00</Quantity>
      <bIsWeighted>0</bIsWeighted>
      <UnitOfMeasure>ליטר</UnitOfMeasure>
      <QtyInPackage>1</QtyInPackage>
      <ItemPrice>8.90</ItemPrice>
      <UnitOfMeasurePrice>8.90</UnitOfMeasurePrice>
      <AllowDiscount>1</AllowDiscount>
      <ItemStatus>1</ItemStatus>
    </Item>
    <Item>
      <PriceUpdateDate>2024-04-01 09:08</PriceUpdateDate>
      <ItemCode>7290119773749</ItemCode>
      <ItemType>1</ItemType>
      <ItemName>שוופס סודה עושרת 1.5 ליטר</ItemName>
      <ManufacturerName>לא ידוע</ManufacturerName>
      <ManufactureCountry />
      <ManufacturerItemDescription>שוופס סודה עושרת 1.5</ManufacturerItemDescription>
      <UnitQty>ליטרים</UnitQty>
      <Quantity>0.00</Quantity>
      <bIsWeighted>0</bIsWeighted>
      <UnitOfMeasure>ליטר</UnitOfMeasure>
      <QtyInPackage>1</QtyInPackage>
      <ItemPrice>4.90</ItemPrice>
      <UnitOfMeasurePrice>4.90</UnitOfMeasurePrice>
      <AllowDiscount>1</AllowDiscount>
      <ItemStatus>1</ItemStatus>
    </Item>
    <Item>
      <PriceUpdateDate>2025-01-25 23:00</PriceUpdateDate>
      <ItemCode>7290119776290</ItemCode>
      <ItemType>1</ItemType>
      <ItemName>שוופס מוגז פירות תפוזים 1.5 ל</ItemName>
      <ManufacturerName>לא ידוע</ManufacturerName>
      <ManufactureCountry>ישראל</ManufactureCountry>
      <ManufacturerItemDescription>שוופס מוגז פירות תפו</ManufacturerItemDescription>
      <UnitQty>ליטרים</UnitQty>
      <Quantity>0.00</Quantity>
      <bIsWeighted>0</bIsWeighted>
      <UnitOfMeasure>ליטר</UnitOfMeasure>
      <QtyInPackage>1</QtyInPackage>
      <ItemPrice>8.90</ItemPrice>
      <UnitOfMeasurePrice>8.90</UnitOfMeasurePrice>
      <AllowDiscount>1</AllowDiscount>
      <ItemStatus>1</ItemStatus>
    </Item>
    <Item>
      <PriceUpdateDate>2025-01-25 23:00</PriceUpdateDate>
      <ItemCode>7290119776344</ItemCode>
      <ItemType>1</ItemType>
      <ItemName>שוופס מוגז פירות הדרים 1.5 ל</ItemName>
      <ManufacturerName>לא ידוע</ManufacturerName>
      <ManufactureCountry>ישראל</ManufactureCountry>
      <ManufacturerItemDescription>שוופס מוגז פירות הדר</ManufacturerItemDescription>
      <UnitQty>ליטרים</UnitQty>
      <Quantity>0.00</Quantity>
      <bIsWeighted>0</bIsWeighted>
      <UnitOfMeasure>ליטר</UnitOfMeasure>
      <QtyInPackage>1</QtyInPackage>
      <ItemPrice>8.90</ItemPrice>
      <UnitOfMeasurePrice>8.90</UnitOfMeasurePrice>
      <AllowDiscount>1</AllowDiscount>
      <ItemStatus>1</ItemStatus>
    </Item>
    <Item>
      <PriceUpdateDate>2025-10-31 23:00</PriceUpdateDate>
      <ItemCode>7290119778843</ItemCode>
      <ItemType>1</ItemType>
      <ItemName>שוופס טוניק אפרסק 1.5 ליטר</ItemName>
      <ManufacturerName>לא ידוע</ManufacturerName>
      <ManufactureCountry>IL</ManufactureCountry>
      <ManufacturerItemDescription>שוופס טוניק אפרסק 1.</ManufacturerItemDescription>
      <UnitQty>ליטרים</UnitQty>
      <Quantity>0.00</Quantity>
      <bIsWeighted>0</bIsWeighted>
      <UnitOfMeasure>ליטר</UnitOfMeasure>
      <QtyInPackage>1</QtyInPackage>
      <ItemPrice>11.90</ItemPrice>
      <UnitOfMeasurePrice>11.90</UnitOfMeasurePrice>
      <AllowDiscount>1</AllowDiscount>
      <ItemStatus>1</ItemStatus>
    </Item>
    <Item>
      <PriceUpdateDate>2025-10-05 19:45</PriceUpdateDate>
      <ItemCode>7290120095397</ItemCode>
      <ItemType>1</ItemType>
      <ItemName>שעון סודה 240 גר</ItemName>
      <ManufacturerName>GUANGDONG RUIMA QI FOOD CO.LTD</ManufacturerName>
      <ManufactureCountry />
      <ManufacturerItemDescription>שעון סודה 240 גר    </ManufacturerItemDescription>
      <UnitQty>גרמים</UnitQty>
      <Quantity>240.00</Quantity>
      <bIsWeighted>0</bIsWeighted>
      <UnitOfMeasure>100 גרם</UnitOfMeasure>
      <QtyInPackage>1</QtyInPackage>
      <ItemPrice>23.90</ItemPrice>
      <UnitOfMeasurePrice>9.96</UnitOfMeasurePrice>
      <AllowDiscount>1</AllowDiscount>
      <ItemStatus>1</ItemStatus>
    </Item>
    <Item>
      <PriceUpdateDate>2024-08-04 15:45</PriceUpdateDate>
      <ItemCode>7290121160230</ItemCode>
      <ItemType>1</ItemType>
      <ItemName>מאסטר שף פירורי פנקו 240 גרם</ItemName>
      <ManufacturerName>לא ידוע</ManufacturerName>
      <ManufactureCountry>לא ידוע</ManufactureCountry>
      <ManufacturerItemDescription>מאסטר שף פירורי פנקו</ManufacturerItemDescription>
      <UnitQty>גרמים</UnitQty>
      <Quantity>240.00</Quantity>
      <bIsWeighted>0</bIsWeighted>
      <UnitOfMeasure>100 גרם</UnitOfMeasure>
      <QtyInPackage>1</QtyInPackage>
      <ItemPrice>11.90</ItemPrice>
      <UnitOfMeasurePrice>4.96</UnitOfMeasurePrice>
      <AllowDiscount>1</AllowDiscount>
      <ItemStatus>1</ItemStatus>
    </Item>
    <Item>
      <PriceUpdateDate>2025-03-07 23:04</PriceUpdateDate>
      <ItemCode>7290121160308</ItemCode>
      <ItemType>1</ItemType>
      <ItemName>פוף פופקורן בטעם חמאה למיקרו 360 גרם</ItemName>
      <ManufacturerName>נטאיס ס.א.ס</ManufacturerName>
      <ManufactureCountry>צרפת</ManufactureCountry>
      <ManufacturerItemDescription>פוף פופקורן בטעם חמא</ManufacturerItemDescription>
      <UnitQty>גרמים</UnitQty>
      <Quantity>360.00</Quantity>
      <bIsWeighted>0</bIsWeighted>
      <UnitOfMeasure>100 גרם</UnitOfMeasure>
      <QtyInPackage>1</QtyInPackage>
      <ItemPrice>16.90</ItemPrice>
      <UnitOfMeasurePrice>4.69</UnitOfMeasurePrice>
      <AllowDiscount>1</AllowDiscount>
      <ItemStatus>1</ItemStatus>
    </Item>
    <Item>
      <PriceUpdateDate>2025-03-07 23:04</PriceUpdateDate>
      <ItemCode>7290121160315</ItemCode>
      <ItemType>1</ItemType>
      <ItemName>פוף פופקורן בטעם טבעי למיקרו 360 גרם</ItemName>
      <ManufacturerName>נטאיס ס.א.ס</ManufacturerName>
      <ManufactureCountry>צרפת</ManufactureCountry>
      <ManufacturerItemDescription>פוף פופקורן בטעם טבע</ManufacturerItemDescription>
      <UnitQty>גרמים</UnitQty>
      <Quantity>360.00</Quantity>
      <bIsWeighted>0</bIsWeighted>
      <UnitOfMeasure>100 גרם</UnitOfMeasure>
      <QtyInPackage>1</QtyInPackage>
      <ItemPrice>16.90</ItemPrice>
      <UnitOfMeasurePrice>4.69</UnitOfMeasurePrice>
      <AllowDiscount>1</AllowDiscount>
      <ItemStatus>1</ItemStatus>
    </Item>
    <Item>
      <PriceUpdateDate>2025-04-11 23:00</PriceUpdateDate>
      <ItemCode>7290121160322</ItemCode>
      <ItemType>1</ItemType>
      <ItemName>מאסטר שף ניוקי תפוח אדמה 500 גרם</ItemName>
      <ManufacturerName>צ'יימה אלימנטרי</ManufacturerName>
      <ManufactureCountry>איטליה</ManufactureCountry>
      <ManufacturerItemDescription>מאסטר שף ניוקי תפוח </ManufacturerItemDescription>
      <UnitQty>גרמים</UnitQty>
      <Quantity>500.00</Quantity>
      <bIsWeighted>0</bIsWeighted>
      <UnitOfMeasure>100 גרם</UnitOfMeasure>
      <QtyInPackage>1</QtyInPackage>
      <ItemPrice>12.90</ItemPrice>
      <UnitOfMeasurePrice>2.58</UnitOfMeasurePrice>
      <AllowDiscount>1</AllowDiscount>
      <ItemStatus>1</ItemStatus>
    </Item>
    <Item>
      <PriceUpdateDate>2025-02-24 10:57</PriceUpdateDate>
      <ItemCode>7290121162548</ItemCode>
      <ItemType>1</ItemType>
      <ItemName>מאסטר שף תבשיל אישי אסיאתי חריף 60 גרם</ItemName>
      <ManufacturerName>לא ידוע</ManufacturerName>
      <ManufactureCountry>ויטנאם</ManufactureCountry>
      <ManufacturerItemDescription>מאסטר שף תבשיל אישי </ManufacturerItemDescription>
      <UnitQty>גרמים</UnitQty>
      <Quantity>60.00</Quantity>
      <bIsWeighted>0</bIsWeighted>
      <UnitOfMeasure>100 גרם</UnitOfMeasure>
      <QtyInPackage>1</QtyInPackage>
      <ItemPrice>8.30</ItemPrice>
      <UnitOfMeasurePrice>13.83</UnitOfMeasurePrice>
      <AllowDiscount>1</AllowDiscount>
      <ItemStatus>1</ItemStatus>
    </Item>
    <Item>
      <PriceUpdateDate>2025-02-24 10:59</PriceUpdateDate>
      <ItemCode>7290121162555</ItemCode>
      <ItemType>1</ItemType>
      <ItemName>מאסטר שף תבשיל אישי פיקנטי 60 גרם</ItemName>
      <ManufacturerName>לא ידוע</ManufacturerName>
      <ManufactureCountry>ויטנאם</ManufactureCountry>
      <ManufacturerItemDescription>מאסטר שף תבשיל אישי </ManufacturerItemDescription>
      <UnitQty>גרמים</UnitQty>
      <Quantity>60.00</Quantity>
      <bIsWeighted>0</bIsWeighted>
      <UnitOfMeasure>100 גרם</UnitOfMeasure>
      <QtyInPackage>1</QtyInPackage>
      <ItemPrice>8.30</ItemPrice>
      <UnitOfMeasurePrice>13.83</UnitOfMeasurePrice>
      <AllowDiscount>1</AllowDiscount>
      <ItemStatus>1</ItemStatus>
    </Item>
    <Item>
      <PriceUpdateDate>2025-04-05 23:00</PriceUpdateDate>
      <ItemCode>7290121162623</ItemCode>
      <ItemType>1</ItemType>
      <ItemName>מאסטר שף אריסה 200 גרם</ItemName>
      <ManufacturerName>לא ידוע</ManufacturerName>
      <ManufactureCountry>יוון</ManufactureCountry>
      <ManufacturerItemDescription>מאסטר שף אריסה 200 ג</ManufacturerItemDescription>
      <UnitQty>גרמים</UnitQty>
      <Quantity>200.00</Quantity>
      <bIsWeighted>0</bIsWeighted>
      <UnitOfMeasure>100 גרם</UnitOfMeasure>
      <QtyInPackage>1</QtyInPackage>
      <ItemPrice>19.90</ItemPrice>
      <UnitOfMeasurePrice>9.95</UnitOfMeasurePrice>
      <AllowDiscount>1</AllowDiscount>
      <ItemStatus>1</ItemStatus>
    </Item>
    <Item>
      <PriceUpdateDate>2025-07-15 17:50</PriceUpdateDate>
      <ItemCode>7290121163330</ItemCode>
      <ItemType>1</ItemType>
      <ItemName>קוקי ניילון נצמד עם גומי אקסטרא לארג</ItemName>
      <ManufacturerName>לא ידוע</ManufacturerName>
      <ManufactureCountry />
      <ManufacturerItemDescription>קוקי ניילון נצמד עם </ManufacturerItemDescription>
      <UnitQty>יחידה</UnitQty>
      <Quantity>1.00</Quantity>
      <bIsWeighted>0</bIsWeighted>
      <UnitOfMeasure>יחידה</UnitOfMeasure>
      <QtyInPackage>1</QtyInPackage>
      <ItemPrice>13.90</ItemPrice>
      <UnitOfMeasurePrice>13.90</UnitOfMeasurePrice>
      <AllowDiscount>1</AllowDiscount>
      <ItemStatus>1</ItemStatus>
    </Item>
    <Item>
      <PriceUpdateDate>2025-01-05 08:01</PriceUpdateDate>
      <ItemCode>7290121290036</ItemCode>
      <ItemType>1</ItemType>
      <ItemName>ווינסטון כחול בוקס חפיסה</ItemName>
      <ManufacturerName>לא ידוע</ManufacturerName>
      <ManufactureCountry>לא ידוע</ManufactureCountry>
      <ManufacturerItemDescription>ווינסטון כחול בוקס ח</ManufacturerItemDescription>
      <UnitQty>Unknown</UnitQty>
      <Quantity>0.00</Quantity>
      <bIsWeighted>0</bIsWeighted>
      <UnitOfMeasure>Unknown</UnitOfMeasure>
      <QtyInPackage>1</QtyInPackage>
      <ItemPrice>41.50</ItemPrice>
      <UnitOfMeasurePrice>41.50</UnitOfMeasurePrice>
      <AllowDiscount>1</AllowDiscount>
      <ItemStatus>1</ItemStatus>
    </Item>
    <Item>
      <PriceUpdateDate>2025-01-05 07:58</PriceUpdateDate>
      <ItemCode>7290121290067</ItemCode>
      <ItemType>1</ItemType>
      <ItemName>ווינסטון כחול ארוך</ItemName>
      <ManufacturerName>לא ידוע</ManufacturerName>
      <ManufactureCountry>לא ידוע</ManufactureCountry>
      <ManufacturerItemDescription>ווינסטון כחול ארוך  </ManufacturerItemDescription>
      <UnitQty>Unknown</UnitQty>
      <Quantity>0.00</Quantity>
      <bIsWeighted>0</bIsWeighted>
      <UnitOfMeasure>Unknown</UnitOfMeasure>
      <QtyInPackage>1</QtyInPackage>
      <ItemPrice>41.50</ItemPrice>
      <UnitOfMeasurePrice>41.50</UnitOfMeasurePrice>
      <AllowDiscount>1</AllowDiscount>
      <ItemStatus>1</ItemStatus>
    </Item>
    <Item>
      <PriceUpdateDate>2025-01-05 07:58</PriceUpdateDate>
      <ItemCode>7290121290180</ItemCode>
      <ItemType>1</ItemType>
      <ItemName>כאמל כחול חפיסה</ItemName>
      <ManufacturerName>לא ידוע</ManufacturerName>
      <ManufactureCountry>לא ידוע</ManufactureCountry>
      <ManufacturerItemDescription>כאמל כחול חפיסה     </ManufacturerItemDescription>
      <UnitQty>Unknown</UnitQty>
      <Quantity>0.00</Quantity>
      <bIsWeighted>0</bIsWeighted>
      <UnitOfMeasure>Unknown</UnitOfMeasure>
      <QtyInPackage>1</QtyInPackage>
      <ItemPrice>40.00</ItemPrice>
      <UnitOfMeasurePrice>40.00</UnitOfMeasurePrice>
      <AllowDiscount>1</AllowDiscount>
      <ItemStatus>1</ItemStatus>
    </Item>
    <Item>
      <PriceUpdateDate>2025-06-06 05:57</PriceUpdateDate>
      <ItemCode>7290121290364</ItemCode>
      <ItemType>1</ItemType>
      <ItemName>ווינסטון CODE חפיסה</ItemName>
      <ManufacturerName>לא ידוע</ManufacturerName>
      <ManufactureCountry>לא ידוע</ManufactureCountry>
      <ManufacturerItemDescription>ווינסטון CODE חפיסה </ManufacturerItemDescription>
      <UnitQty>יחידה</UnitQty>
      <Quantity>1.00</Quantity>
      <bIsWeighted>0</bIsWeighted>
      <UnitOfMeasure>יחידה</UnitOfMeasure>
      <QtyInPackage>1</QtyInPackage>
      <ItemPrice>39.50</ItemPrice>
      <UnitOfMeasurePrice>39.50</UnitOfMeasurePrice>
      <AllowDiscount>1</AllowDiscount>
      <ItemStatus>1</ItemStatus>
    </Item>
    <Item>
      <PriceUpdateDate>2025-06-06 05:57</PriceUpdateDate>
      <ItemCode>7290121290395</ItemCode>
      <ItemType>1</ItemType>
      <ItemName>ווינסטון AQUA חפיסה</ItemName>
      <ManufacturerName>לא ידוע</ManufacturerName>
      <ManufactureCountry>לא ידוע</ManufactureCountry>
      <ManufacturerItemDescription>ווינסטון AQUA חפיסה </ManufacturerItemDescription>
      <UnitQty>יחידה</UnitQty>
      <Quantity>1.00</Quantity>
      <bIsWeighted>0</bIsWeighted>
      <UnitOfMeasure>יחידה</UnitOfMeasure>
      <QtyInPackage>1</QtyInPackage>
      <ItemPrice>39.50</ItemPrice>
      <UnitOfMeasurePrice>39.50</UnitOfMeasurePrice>
      <AllowDiscount>1</AllowDiscount>
      <ItemStatus>1</ItemStatus>
    </Item>
    <Item>
      <PriceUpdateDate>2025-01-05 08:01</PriceUpdateDate>
      <ItemCode>7290121290548</ItemCode>
      <ItemType>1</ItemType>
      <ItemName>ווינסטון קומפלקט ברי PP חפיסה</ItemName>
      <ManufacturerName>לא ידוע</ManufacturerName>
      <ManufactureCountry>לא ידוע</ManufactureCountry>
      <ManufacturerItemDescription>ווינסטון קומפלקט ברי</ManufacturerItemDescription>
      <UnitQty>Unknown</UnitQty>
      <Quantity>0.00</Quantity>
      <bIsWeighted>0</bIsWeighted>
      <UnitOfMeasure>Unknown</UnitOfMeasure>
      <QtyInPackage>1</QtyInPackage>
      <ItemPrice>37.50</ItemPrice>
      <UnitOfMeasurePrice>37.50</UnitOfMeasurePrice>
      <AllowDiscount>1</AllowDiscount>
      <ItemStatus>1</ItemStatus>
    </Item>
    <Item>
      <PriceUpdateDate>2025-09-02 15:07</PriceUpdateDate>
      <ItemCode>7290121290579</ItemCode>
      <ItemType>1</ItemType>
      <ItemName>LD  סלימס בודד</ItemName>
      <ManufacturerName>לא ידוע</ManufacturerName>
      <ManufactureCountry>לא ידוע</ManufactureCountry>
      <ManufacturerItemDescription>LD  סלימס בודד      </ManufacturerItemDescription>
      <UnitQty>Unknown</UnitQty>
      <Quantity>0.00</Quantity>
      <bIsWeighted>0</bIsWeighted>
      <UnitOfMeasure>Unknown</UnitOfMeasure>
      <QtyInPackage>1</QtyInPackage>
      <ItemPrice>31.50</ItemPrice>
      <UnitOfMeasurePrice>31.50</UnitOfMeasurePrice>
      <AllowDiscount>1</AllowDiscount>
      <ItemStatus>1</ItemStatus>
    </Item>
    <Item>
      <PriceUpdateDate>2025-11-01 12:07</PriceUpdateDate>
      <ItemCode>7290121290630</ItemCode>
      <ItemType>1</ItemType>
      <ItemName>ווינסטון CODE COMPACT חפיסה</ItemName>
      <ManufacturerName>לא ידוע</ManufacturerName>
      <ManufactureCountry />
      <ManufacturerItemDescription>ווינסטון CODE COMPAC</ManufacturerItemDescription>
      <UnitQty>יחידה</UnitQty>
      <Quantity>1.00</Quantity>
      <bIsWeighted>0</bIsWeighted>
      <UnitOfMeasure>יחידה</UnitOfMeasure>
      <QtyInPackage>1</QtyInPackage>
      <ItemPrice>34.00</ItemPrice>
      <UnitOfMeasurePrice>34.00</UnitOfMeasurePrice>
      <AllowDiscount>1</AllowDiscount>
      <ItemStatus>1</ItemStatus>
    </Item>
    <Item>
      <PriceUpdateDate>2025-11-25 14:26</PriceUpdateDate>
      <ItemCode>7290121290661</ItemCode>
      <ItemType>1</ItemType>
      <ItemName>וינסטון לבן טבק לגלגול חפיסה 40 גרם</ItemName>
      <ManufacturerName>לא ידוע</ManufacturerName>
      <ManufactureCountry />
      <ManufacturerItemDescription>וינסטון לבן טבק לגלג</ManufacturerItemDescription>
      <UnitQty>יחידה</UnitQty>
      <Quantity>1.00</Quantity>
      <bIsWeighted>0</bIsWeighted>
      <UnitOfMeasure>יחידה</UnitOfMeasure>
      <QtyInPackage>1</QtyInPackage>
      <ItemPrice>120.00</ItemPrice>
      <UnitOfMeasurePrice>120.00</UnitOfMeasurePrice>
      <AllowDiscount>1</AllowDiscount>
      <ItemStatus>1</ItemStatus>
    </Item>
    <Item>
      <PriceUpdateDate>2024-11-17 13:15</PriceUpdateDate>
      <ItemCode>72901812333</ItemCode>
      <ItemType>1</ItemType>
      <ItemName>בייקון במשקל</ItemName>
      <ManufacturerName>לא ידוע</ManufacturerName>
      <ManufactureCountry>לא ידוע</ManufactureCountry>
      <ManufacturerItemDescription>בייקון במשקל        </ManufacturerItemDescription>
      <UnitQty>Unknown</UnitQty>
      <Quantity>0.00</Quantity>
      <bIsWeighted>1</bIsWeighted>
      <UnitOfMeasure>ק"ג</UnitOfMeasure>
      <QtyInPackage>0</QtyInPackage>
      <ItemPrice>250.00</ItemPrice>
      <UnitOfMeasurePrice>250.00</UnitOfMeasurePrice>
      <AllowDiscount>1</AllowDiscount>
      <ItemStatus>1</ItemStatus>
    </Item>
    <Item>
      <PriceUpdateDate>2025-01-14 08:31</PriceUpdateDate>
      <ItemCode>72909768</ItemCode>
      <ItemType>1</ItemType>
      <ItemName>פסק זמן 4PLAY 40 גרם</ItemName>
      <ManufacturerName>לא ידוע</ManufacturerName>
      <ManufactureCountry>לא ידוע</ManufactureCountry>
      <ManufacturerItemDescription>פסק זמן 4PLAY 40 גרם</ManufacturerItemDescription>
      <UnitQty>גרמים</UnitQty>
      <Quantity>40.00</Quantity>
      <bIsWeighted>0</bIsWeighted>
      <UnitOfMeasure>100 גרם</UnitOfMeasure>
      <QtyInPackage>1</QtyInPackage>
      <ItemPrice>6.90</ItemPrice>
      <UnitOfMeasurePrice>17.25</UnitOfMeasurePrice>
      <AllowDiscount>1</AllowDiscount>
      <ItemStatus>1</ItemStatus>
    </Item>
    <Item>
      <PriceUpdateDate>2021-01-20 21:12</PriceUpdateDate>
      <ItemCode>7291008084854</ItemCode>
      <ItemType>1</ItemType>
      <ItemName>תמר מגהול 1 קג</ItemName>
      <ManufacturerName>לא ידוע</ManufacturerName>
      <ManufactureCountry>לא ידוע</ManufactureCountry>
      <ManufacturerItemDescription>תמר מגהול 1 קג      </ManufacturerItemDescription>
      <UnitQty>גרמים</UnitQty>
      <Quantity>1000.00</Quantity>
      <bIsWeighted>0</bIsWeighted>
      <UnitOfMeasure>100 גרם</UnitOfMeasure>
      <QtyInPackage>1</QtyInPackage>
      <ItemPrice>39.90</ItemPrice>
      <UnitOfMeasurePrice>3.99</UnitOfMeasurePrice>
      <AllowDiscount>1</AllowDiscount>
      <ItemStatus>1</ItemStatus>
    </Item>
    <Item>
      <PriceUpdateDate>2024-02-15 17:18</PriceUpdateDate>
      <ItemCode>72917329</ItemCode>
      <ItemType>1</ItemType>
      <ItemName>אגוזי 45 גרם</ItemName>
      <ManufacturerName>לא ידוע</ManufacturerName>
      <ManufactureCountry>לא ידוע</ManufactureCountry>
      <ManufacturerItemDescription>אגוזי 45 גרם        </ManufacturerItemDescription>
      <UnitQty>גרמים</UnitQty>
      <Quantity>45.00</Quantity>
      <bIsWeighted>0</bIsWeighted>
      <UnitOfMeasure>100 גרם</UnitOfMeasure>
      <QtyInPackage>1</QtyInPackage>
      <ItemPrice>5.50</ItemPrice>
      <UnitOfMeasurePrice>12.22</UnitOfMeasurePrice>
      <AllowDiscount>1</AllowDiscount>
      <ItemStatus>1</ItemStatus>
    </Item>
    <Item>
      <PriceUpdateDate>2024-02-15 17:18</PriceUpdateDate>
      <ItemCode>72917367</ItemCode>
      <ItemType>1</ItemType>
      <ItemName>טעמי 40 גרם</ItemName>
      <ManufacturerName>לא ידוע</ManufacturerName>
      <ManufactureCountry>לא ידוע</ManufactureCountry>
      <ManufacturerItemDescription>טעמי 40 גרם         </ManufacturerItemDescription>
      <UnitQty>גרמים</UnitQty>
      <Quantity>40.00</Quantity>
      <bIsWeighted>0</bIsWeighted>
      <UnitOfMeasure>100 גרם</UnitOfMeasure>
      <QtyInPackage>1</QtyInPackage>
      <ItemPrice>5.50</ItemPrice>
      <UnitOfMeasurePrice>13.75</UnitOfMeasurePrice>
      <AllowDiscount>1</AllowDiscount>
      <ItemStatus>1</ItemStatus>
    </Item>
    <Item>
      <PriceUpdateDate>2025-09-16 12:37</PriceUpdateDate>
      <ItemCode>72940761</ItemCode>
      <ItemType>1</ItemType>
      <ItemName>מילקי שוקולד 130 גרם</ItemName>
      <ManufacturerName>לא ידוע</ManufacturerName>
      <ManufactureCountry>לא ידוע</ManufactureCountry>
      <ManufacturerItemDescription>מילקי שוקולד 130 גרם</ManufacturerItemDescription>
      <UnitQty>גרמים</UnitQty>
      <Quantity>130.00</Quantity>
      <bIsWeighted>0</bIsWeighted>
      <UnitOfMeasure>100 גרם</UnitOfMeasure>
      <QtyInPackage>1</QtyInPackage>
      <ItemPrice>3.40</ItemPrice>
      <UnitOfMeasurePrice>2.62</UnitOfMeasurePrice>
      <AllowDiscount>1</AllowDiscount>
      <ItemStatus>1</ItemStatus>
    </Item>
    <Item>
      <PriceUpdateDate>2025-01-14 08:32</PriceUpdateDate>
      <ItemCode>72940952</ItemCode>
      <ItemType>1</ItemType>
      <ItemName>מילקי פי 2 קצפת 104 גרם</ItemName>
      <ManufacturerName>לא ידוע</ManufacturerName>
      <ManufactureCountry>לא ידוע</ManufactureCountry>
      <ManufacturerItemDescription>מילקי פי 2 קצפת 104 </ManufacturerItemDescription>
      <UnitQty>גרמים</UnitQty>
      <Quantity>104.00</Quantity>
      <bIsWeighted>0</bIsWeighted>
      <UnitOfMeasure>100 גרם</UnitOfMeasure>
      <QtyInPackage>1</QtyInPackage>
      <ItemPrice>4.30</ItemPrice>
      <UnitOfMeasurePrice>4.13</UnitOfMeasurePrice>
      <AllowDiscount>1</AllowDiscount>
      <ItemStatus>1</ItemStatus>
    </Item>
    <Item>
      <PriceUpdateDate>2025-11-19 14:37</PriceUpdateDate>
      <ItemCode>7295807686585</ItemCode>
      <ItemType>1</ItemType>
      <ItemName>שום</ItemName>
      <ManufacturerName>לא ידוע</ManufacturerName>
      <ManufactureCountry>לא ידוע</ManufactureCountry>
      <ManufacturerItemDescription>שום ברשת            </ManufacturerItemDescription>
      <UnitQty>יחידה</UnitQty>
      <Quantity>1.00</Quantity>
      <bIsWeighted>0</bIsWeighted>
      <UnitOfMeasure>יחידה</UnitOfMeasure>
      <QtyInPackage>1</QtyInPackage>
      <ItemPrice>7.90</ItemPrice>
      <UnitOfMeasurePrice>7.90</UnitOfMeasurePrice>
      <AllowDiscount>1</AllowDiscount>
      <ItemStatus>1</ItemStatus>
    </Item>
    <Item>
      <PriceUpdateDate>2023-08-27 16:05</PriceUpdateDate>
      <ItemCode>7296082000066</ItemCode>
      <ItemType>1</ItemType>
      <ItemName>ביצה פלוס 12 יח L</ItemName>
      <ManufacturerName>לא ידוע</ManufacturerName>
      <ManufactureCountry />
      <ManufacturerItemDescription>ביצה פלוס 12 יח L   </ManufacturerItemDescription>
      <UnitQty>Unknown</UnitQty>
      <Quantity>0.00</Quantity>
      <bIsWeighted>0</bIsWeighted>
      <UnitOfMeasure>Unknown</UnitOfMeasure>
      <QtyInPackage>1</QtyInPackage>
      <ItemPrice>24.90</ItemPrice>
      <UnitOfMeasurePrice>24.90</UnitOfMeasurePrice>
      <AllowDiscount>1</AllowDiscount>
      <ItemStatus>1</ItemStatus>
    </Item>
    <Item>
      <PriceUpdateDate>2023-08-27 16:04</PriceUpdateDate>
      <ItemCode>7296082000080</ItemCode>
      <ItemType>1</ItemType>
      <ItemName>ביצי חופש 12 יח</ItemName>
      <ManufacturerName>לא ידוע</ManufacturerName>
      <ManufactureCountry>לא ידוע</ManufactureCountry>
      <ManufacturerItemDescription>ביצי חופש 12 יח     </ManufacturerItemDescription>
      <UnitQty>Unknown</UnitQty>
      <Quantity>0.00</Quantity>
      <bIsWeighted>0</bIsWeighted>
      <UnitOfMeasure>Unknown</UnitOfMeasure>
      <QtyInPackage>1</QtyInPackage>
      <ItemPrice>25.90</ItemPrice>
      <UnitOfMeasurePrice>25.90</UnitOfMeasurePrice>
      <AllowDiscount>1</AllowDiscount>
      <ItemStatus>1</ItemStatus>
    </Item>
    <Item>
      <PriceUpdateDate>2025-11-02 14:21</PriceUpdateDate>
      <ItemCode>7296082000134</ItemCode>
      <ItemType>1</ItemType>
      <ItemName>ביצים רגילות 12 יח L</ItemName>
      <ManufacturerName>לא ידוע</ManufacturerName>
      <ManufactureCountry>לא ידוע</ManufactureCountry>
      <ManufacturerItemDescription>ביצים רגילות 12 יח L</ManufacturerItemDescription>
      <UnitQty>Unknown</UnitQty>
      <Quantity>0.00</Quantity>
      <bIsWeighted>0</bIsWeighted>
      <UnitOfMeasure>Unknown</UnitOfMeasure>
      <QtyInPackage>1</QtyInPackage>
      <ItemPrice>14.24</ItemPrice>
      <UnitOfMeasurePrice>14.24</UnitOfMeasurePrice>
      <AllowDiscount>1</AllowDiscount>
      <ItemStatus>1</ItemStatus>
    </Item>
    <Item>
      <PriceUpdateDate>2025-11-02 14:21</PriceUpdateDate>
      <ItemCode>7296082000141</ItemCode>
      <ItemType>1</ItemType>
      <ItemName>ביצים רגילות  12 יח M</ItemName>
      <ManufacturerName>לא ידוע</ManufacturerName>
      <ManufactureCountry>לא ידוע</ManufactureCountry>
      <ManufacturerItemDescription>ביצים רגילות  12 יח </ManufacturerItemDescription>
      <UnitQty>Unknown</UnitQty>
      <Quantity>0.00</Quantity>
      <bIsWeighted>0</bIsWeighted>
      <UnitOfMeasure>Unknown</UnitOfMeasure>
      <QtyInPackage>1</QtyInPackage>
      <ItemPrice>13.13</ItemPrice>
      <UnitOfMeasurePrice>13.13</UnitOfMeasurePrice>
      <AllowDiscount>1</AllowDiscount>
      <ItemStatus>1</ItemStatus>
    </Item>
    <Item>
      <PriceUpdateDate>2023-10-30 09:40</PriceUpdateDate>
      <ItemCode>7296082000165</ItemCode>
      <ItemType>1</ItemType>
      <ItemName>ביצים אורגניות 12 יח</ItemName>
      <ManufacturerName>לא ידוע</ManufacturerName>
      <ManufactureCountry>לא ידוע</ManufactureCountry>
      <ManufacturerItemDescription>ביצים אורגניות 12 יח</ManufacturerItemDescription>
      <UnitQty>Unknown</UnitQty>
      <Quantity>0.00</Quantity>
      <bIsWeighted>0</bIsWeighted>
      <UnitOfMeasure>Unknown</UnitOfMeasure>
      <QtyInPackage>1</QtyInPackage>
      <ItemPrice>28.90</ItemPrice>
      <UnitOfMeasurePrice>28.90</UnitOfMeasurePrice>
      <AllowDiscount>1</AllowDiscount>
      <ItemStatus>1</ItemStatus>
    </Item>
    <Item>
      <PriceUpdateDate>2025-05-23 08:10</PriceUpdateDate>
      <ItemCode>72963753</ItemCode>
      <ItemType>1</ItemType>
      <ItemName>שמנת של פעם 27% 200 מ"ל</ItemName>
      <ManufacturerName>לא ידוע</ManufacturerName>
      <ManufactureCountry>לא ידוע</ManufactureCountry>
      <ManufacturerItemDescription>שמנת של פעם 27% 200 </ManufacturerItemDescription>
      <UnitQty>מיליליטרים</UnitQty>
      <Quantity>200.00</Quantity>
      <bIsWeighted>0</bIsWeighted>
      <UnitOfMeasure>100 מ"ל</UnitOfMeasure>
      <QtyInPackage>1</QtyInPackage>
      <ItemPrice>6.00</ItemPrice>
      <UnitOfMeasurePrice>3.00</UnitOfMeasurePrice>
      <AllowDiscount>1</AllowDiscount>
      <ItemStatus>1</ItemStatus>
    </Item>
    <Item>
      <PriceUpdateDate>2024-12-01 15:03</PriceUpdateDate>
      <ItemCode>7297488098299</ItemCode>
      <ItemType>1</ItemType>
      <ItemName>קמח טפיוקה 500 גרם</ItemName>
      <ManufacturerName>לא ידוע</ManufacturerName>
      <ManufactureCountry>לא ידוע</ManufactureCountry>
      <ManufacturerItemDescription>קמח טפיוקה 500 גרם  </ManufacturerItemDescription>
      <UnitQty>גרמים</UnitQty>
      <Quantity>500.00</Quantity>
      <bIsWeighted>0</bIsWeighted>
      <UnitOfMeasure>100 גרם</UnitOfMeasure>
      <QtyInPackage>1</QtyInPackage>
      <ItemPrice>13.90</ItemPrice>
      <UnitOfMeasurePrice>2.78</UnitOfMeasurePrice>
      <AllowDiscount>1</AllowDiscount>
      <ItemStatus>1</ItemStatus>
    </Item>
    <Item>
      <PriceUpdateDate>2024-04-03 18:17</PriceUpdateDate>
      <ItemCode>7297488098305</ItemCode>
      <ItemType>1</ItemType>
      <ItemName>קמח שקדים דגש 250 גרם</ItemName>
      <ManufacturerName>לא ידוע</ManufacturerName>
      <ManufactureCountry>לא ידוע</ManufactureCountry>
      <ManufacturerItemDescription>קמח שקדים דגש 250 גר</ManufacturerItemDescription>
      <UnitQty>גרמים</UnitQty>
      <Quantity>250.00</Quantity>
      <bIsWeighted>0</bIsWeighted>
      <UnitOfMeasure>100 גרם</UnitOfMeasure>
      <QtyInPackage>1</QtyInPackage>
      <ItemPrice>28.90</ItemPrice>
      <UnitOfMeasurePrice>11.56</UnitOfMeasurePrice>
      <AllowDiscount>1</AllowDiscount>
      <ItemStatus>1</ItemStatus>
    </Item>
    <Item>
      <PriceUpdateDate>2024-01-30 08:58</PriceUpdateDate>
      <ItemCode>7297488199682</ItemCode>
      <ItemType>1</ItemType>
      <ItemName>קמח כוסמת 500 ג דגש</ItemName>
      <ManufacturerName>לא ידוע</ManufacturerName>
      <ManufactureCountry>לא ידוע</ManufactureCountry>
      <ManufacturerItemDescription>קמח כוסמת 500 ג דגש </ManufacturerItemDescription>
      <UnitQty>גרמים</UnitQty>
      <Quantity>500.00</Quantity>
      <bIsWeighted>0</bIsWeighted>
      <UnitOfMeasure>100 גרם</UnitOfMeasure>
      <QtyInPackage>1</QtyInPackage>
      <ItemPrice>19.50</ItemPrice>
      <UnitOfMeasurePrice>3.90</UnitOfMeasurePrice>
      <AllowDiscount>1</AllowDiscount>
      <ItemStatus>1</ItemStatus>
    </Item>
    <Item>
      <PriceUpdateDate>2024-11-21 16:57</PriceUpdateDate>
      <ItemCode>72986370</ItemCode>
      <ItemType>1</ItemType>
      <ItemName>בן אנד גריס גלידת וניל 500 מ"ל</ItemName>
      <ManufacturerName>לא ידוע</ManufacturerName>
      <ManufactureCountry>לא ידוע</ManufactureCountry>
      <ManufacturerItemDescription>בן אנד גריס גלידת ונ</ManufacturerItemDescription>
      <UnitQty>מיליליטרים</UnitQty>
      <Quantity>500.00</Quantity>
      <bIsWeighted>0</bIsWeighted>
      <UnitOfMeasure>100 מ"ל</UnitOfMeasure>
      <QtyInPackage>1</QtyInPackage>
      <ItemPrice>29.90</ItemPrice>
      <UnitOfMeasurePrice>5.98</UnitOfMeasurePrice>
      <AllowDiscount>1</AllowDiscount>
      <ItemStatus>1</ItemStatus>
    </Item>
    <Item>
      <PriceUpdateDate>2024-11-21 16:57</PriceUpdateDate>
      <ItemCode>72986424</ItemCode>
      <ItemType>1</ItemType>
      <ItemName>בן אנד גריס גלידת קרם עוגיות 500 מ"ל</ItemName>
      <ManufacturerName>לא ידוע</ManufacturerName>
      <ManufactureCountry>לא ידוע</ManufactureCountry>
      <ManufacturerItemDescription>בן אנד גריס גלידת קר</ManufacturerItemDescription>
      <UnitQty>מיליליטרים</UnitQty>
      <Quantity>500.00</Quantity>
      <bIsWeighted>0</bIsWeighted>
      <UnitOfMeasure>100 מ"ל</UnitOfMeasure>
      <QtyInPackage>1</QtyInPackage>
      <ItemPrice>29.90</ItemPrice>
      <UnitOfMeasurePrice>5.98</UnitOfMeasurePrice>
      <AllowDiscount>1</AllowDiscount>
      <ItemStatus>1</ItemStatus>
    </Item>
    <Item>
      <PriceUpdateDate>2024-11-21 16:57</PriceUpdateDate>
      <ItemCode>72986448</ItemCode>
      <ItemType>1</ItemType>
      <ItemName>בן אנד גריס גלידת טופי קראנץ 500 מ"ל</ItemName>
      <ManufacturerName>לא ידוע</ManufacturerName>
      <ManufactureCountry>לא ידוע</ManufactureCountry>
      <ManufacturerItemDescription>בן אנד גריס גלידת טו</ManufacturerItemDescription>
      <UnitQty>מיליליטרים</UnitQty>
      <Quantity>800.00</Quantity>
      <bIsWeighted>0</bIsWeighted>
      <UnitOfMeasure>100 מ"ל</UnitOfMeasure>
      <QtyInPackage>1</QtyInPackage>
      <ItemPrice>29.90</ItemPrice>
      <UnitOfMeasurePrice>3.74</UnitOfMeasurePrice>
      <AllowDiscount>1</AllowDiscount>
      <ItemStatus>1</ItemStatus>
    </Item>
    <Item>
      <PriceUpdateDate>2024-11-21 16:57</PriceUpdateDate>
      <ItemCode>72986455</ItemCode>
      <ItemType>1</ItemType>
      <ItemName>בן אנד גריס גלידת ניו יורק סופר 500 מ"ל</ItemName>
      <ManufacturerName>לא ידוע</ManufacturerName>
      <ManufactureCountry>לא ידוע</ManufactureCountry>
      <ManufacturerItemDescription>בן אנד גריס גלידת ני</ManufacturerItemDescription>
      <UnitQty>מיליליטרים</UnitQty>
      <Quantity>500.00</Quantity>
      <bIsWeighted>0</bIsWeighted>
      <UnitOfMeasure>100 מ"ל</UnitOfMeasure>
      <QtyInPackage>1</QtyInPackage>
      <ItemPrice>29.90</ItemPrice>
      <UnitOfMeasurePrice>5.98</UnitOfMeasurePrice>
      <AllowDiscount>1</AllowDiscount>
      <ItemStatus>1</ItemStatus>
    </Item>
    <Item>
      <PriceUpdateDate>2024-11-21 16:57</PriceUpdateDate>
      <ItemCode>72986479</ItemCode>
      <ItemType>1</ItemType>
      <ItemName>גלידת בן &amp; גריס צאנקי מנקי 500 מל</ItemName>
      <ManufacturerName>לא ידוע</ManufacturerName>
      <ManufactureCountry>לא ידוע</ManufactureCountry>
      <ManufacturerItemDescription>גלידת בן &amp; גריס צאנק</ManufacturerItemDescription>
      <UnitQty>מיליליטרים</UnitQty>
      <Quantity>500.00</Quantity>
      <bIsWeighted>0</bIsWeighted>
      <UnitOfMeasure>100 מ"ל</UnitOfMeasure>
      <QtyInPackage>1</QtyInPackage>
      <ItemPrice>29.90</ItemPrice>
      <UnitOfMeasurePrice>5.98</UnitOfMeasurePrice>
      <AllowDiscount>1</AllowDiscount>
      <ItemStatus>1</ItemStatus>
    </Item>
    <Item>
      <PriceUpdateDate>2024-11-21 16:57</PriceUpdateDate>
      <ItemCode>72989425</ItemCode>
      <ItemType>1</ItemType>
      <ItemName>גלידת בן &amp; גריס שוקולד בראוניס 500 מל</ItemName>
      <ManufacturerName>לא ידוע</ManufacturerName>
      <ManufactureCountry>לא ידוע</ManufactureCountry>
      <ManufacturerItemDescription>גלידת בן &amp; גריס שוקו</ManufacturerItemDescription>
      <UnitQty>מיליליטרים</UnitQty>
      <Quantity>500.00</Quantity>
      <bIsWeighted>0</bIsWeighted>
      <UnitOfMeasure>100 מ"ל</UnitOfMeasure>
      <QtyInPackage>1</QtyInPackage>
      <ItemPrice>29.90</ItemPrice>
      <UnitOfMeasurePrice>5.98</UnitOfMeasurePrice>
      <AllowDiscount>1</AllowDiscount>
      <ItemStatus>1</ItemStatus>
    </Item>
    <Item>
      <PriceUpdateDate>2024-02-15 17:18</PriceUpdateDate>
      <ItemCode>72991008</ItemCode>
      <ItemType>1</ItemType>
      <ItemName>פ"ז קלסיק מגדים 45 גר</ItemName>
      <ManufacturerName>לא ידוע</ManufacturerName>
      <ManufactureCountry>ישראל</ManufactureCountry>
      <ManufacturerItemDescription>פ"ז קלסיק מגדים 45 ג</ManufacturerItemDescription>
      <UnitQty>גרמים</UnitQty>
      <Quantity>45.00</Quantity>
      <bIsWeighted>0</bIsWeighted>
      <UnitOfMeasure>100 גרם</UnitOfMeasure>
      <QtyInPackage>1</QtyInPackage>
      <ItemPrice>6.20</ItemPrice>
      <UnitOfMeasurePrice>13.78</UnitOfMeasurePrice>
      <AllowDiscount>1</AllowDiscount>
      <ItemStatus>1</ItemStatus>
    </Item>
    <Item>
      <PriceUpdateDate>2024-06-22 17:53</PriceUpdateDate>
      <ItemCode>7312040017034</ItemCode>
      <ItemType>1</ItemType>
      <ItemName>וודקה אבסולוט 1 ליטר</ItemName>
      <ManufacturerName>לא ידוע</ManufacturerName>
      <ManufactureCountry>לא ידוע</ManufactureCountry>
      <ManufacturerItemDescription>וודקה אבסולוט 1 ליטר</ManufacturerItemDescription>
      <UnitQty>מיליליטרים</UnitQty>
      <Quantity>1000.00</Quantity>
      <bIsWeighted>0</bIsWeighted>
      <UnitOfMeasure>100 מ"ל</UnitOfMeasure>
      <QtyInPackage>1</QtyInPackage>
      <ItemPrice>118.90</ItemPrice>
      <UnitOfMeasurePrice>11.89</UnitOfMeasurePrice>
      <AllowDiscount>1</AllowDiscount>
      <ItemStatus>1</ItemStatus>
    </Item>
    <Item>
      <PriceUpdateDate>2022-12-09 01:00</PriceUpdateDate>
      <ItemCode>731559150310</ItemCode>
      <ItemType>1</ItemType>
      <ItemName>מנורות לד צבעוניות</ItemName>
      <ManufacturerName>לא ידוע</ManufacturerName>
      <ManufactureCountry>לא ידוע</ManufactureCountry>
      <ManufacturerItemDescription>מנורות לד צבעוניות  </ManufacturerItemDescription>
      <UnitQty>Unknown</UnitQty>
      <Quantity>0.00</Quantity>
      <bIsWeighted>0</bIsWeighted>
      <UnitOfMeasure>Unknown</UnitOfMeasure>
      <QtyInPackage>1</QtyInPackage>
      <ItemPrice>59.00</ItemPrice>
      <UnitOfMeasurePrice>59.00</UnitOfMeasurePrice>
      <AllowDiscount>1</AllowDiscount>
      <ItemStatus>1</ItemStatus>
    </Item>
    <Item>
      <PriceUpdateDate>2025-08-22 12:40</PriceUpdateDate>
      <ItemCode>732494000524</ItemCode>
      <ItemType>1</ItemType>
      <ItemName>קרטורס פופקורן שיקגו קרמל 213 גרם</ItemName>
      <ManufacturerName>לא ידוע</ManufacturerName>
      <ManufactureCountry>לא ידוע</ManufactureCountry>
      <ManufacturerItemDescription>קרטורס פופקורן שיקגו</ManufacturerItemDescription>
      <UnitQty>גרמים</UnitQty>
      <Quantity>213.00</Quantity>
      <bIsWeighted>0</bIsWeighted>
      <UnitOfMeasure>100 גרם</UnitOfMeasure>
      <QtyInPackage>1</QtyInPackage>
      <ItemPrice>36.90</ItemPrice>
      <UnitOfMeasurePrice>17.32</UnitOfMeasurePrice>
      <AllowDiscount>1</AllowDiscount>
      <ItemStatus>1</ItemStatus>
    </Item>
    <Item>
      <PriceUpdateDate>2024-01-16 20:18</PriceUpdateDate>
      <ItemCode>7393714008503</ItemCode>
      <ItemType>1</ItemType>
      <ItemName>פחית קופרברג קוקטייל גין ותות ליים 250</ItemName>
      <ManufacturerName>לא ידוע</ManufacturerName>
      <ManufactureCountry>שוודיה</ManufactureCountry>
      <ManufacturerItemDescription>קופרברג קוקטייל גין </ManufacturerItemDescription>
      <UnitQty>מיליליטרים</UnitQty>
      <Quantity>250.00</Quantity>
      <bIsWeighted>0</bIsWeighted>
      <UnitOfMeasure>100 מ"ל</UnitOfMeasure>
      <QtyInPackage>1</QtyInPackage>
      <ItemPrice>12.50</ItemPrice>
      <UnitOfMeasurePrice>5.00</UnitOfMeasurePrice>
      <AllowDiscount>1</AllowDiscount>
      <ItemStatus>1</ItemStatus>
    </Item>
    <Item>
      <PriceUpdateDate>2024-12-25 23:00</PriceUpdateDate>
      <ItemCode>7394376620904</ItemCode>
      <ItemType>1</ItemType>
      <ItemName>אוטלי משקה שיבולת שועל ללס 1 ליטר</ItemName>
      <ManufacturerName>לא ידוע</ManufacturerName>
      <ManufactureCountry>הולנד</ManufactureCountry>
      <ManufacturerItemDescription>אוטלי משקה שיבולת שו</ManufacturerItemDescription>
      <UnitQty>מיליליטרים</UnitQty>
      <Quantity>1000.00</Quantity>
      <bIsWeighted>0</bIsWeighted>
      <UnitOfMeasure>100 מ"ל</UnitOfMeasure>
      <QtyInPackage>1</QtyInPackage>
      <ItemPrice>16.90</ItemPrice>
      <UnitOfMeasurePrice>1.69</UnitOfMeasurePrice>
      <AllowDiscount>1</AllowDiscount>
      <ItemStatus>1</ItemStatus>
    </Item>
    <Item>
      <PriceUpdateDate>2024-02-15 17:06</PriceUpdateDate>
      <ItemCode>7394376621451</ItemCode>
      <ItemType>1</ItemType>
      <ItemName>משקה ש.שועל להקצפה בריסטה 1 ליטר</ItemName>
      <ManufacturerName>לא ידוע</ManufacturerName>
      <ManufactureCountry>שוודיה</ManufactureCountry>
      <ManufacturerItemDescription>משקה ש.שועל להקצפה ב</ManufacturerItemDescription>
      <UnitQty>מיליליטרים</UnitQty>
      <Quantity>1000.00</Quantity>
      <bIsWeighted>0</bIsWeighted>
      <UnitOfMeasure>100 מ"ל</UnitOfMeasure>
      <QtyInPackage>1</QtyInPackage>
      <ItemPrice>17.90</ItemPrice>
      <UnitOfMeasurePrice>1.79</UnitOfMeasurePrice>
      <AllowDiscount>1</AllowDiscount>
      <ItemStatus>1</ItemStatus>
    </Item>
    <Item>
      <PriceUpdateDate>2024-01-27 19:11</PriceUpdateDate>
      <ItemCode>73970002077</ItemCode>
      <ItemType>1</ItemType>
      <ItemName>דר בראון קרים סודה דיאט 355 מ"ל</ItemName>
      <ManufacturerName>לא ידוע</ManufacturerName>
      <ManufactureCountry>לא ידוע</ManufactureCountry>
      <ManufacturerItemDescription>ד"ר בראון פחית קרים </ManufacturerItemDescription>
      <UnitQty>מיליליטרים</UnitQty>
      <Quantity>355.00</Quantity>
      <bIsWeighted>0</bIsWeighted>
      <UnitOfMeasure>100 מ"ל</UnitOfMeasure>
      <QtyInPackage>1</QtyInPackage>
      <ItemPrice>12.50</ItemPrice>
      <UnitOfMeasurePrice>3.52</UnitOfMeasurePrice>
      <AllowDiscount>1</AllowDiscount>
      <ItemStatus>1</ItemStatus>
    </Item>
    <Item>
      <PriceUpdateDate>2024-11-25 13:37</PriceUpdateDate>
      <ItemCode>74680001145</ItemCode>
      <ItemType>1</ItemType>
      <ItemName>וובר חרדל צהוב</ItemName>
      <ManufacturerName>לא ידוע</ManufacturerName>
      <ManufactureCountry>ארצות הברית</ManufactureCountry>
      <ManufacturerItemDescription>וובר חרדל צהוב      </ManufacturerItemDescription>
      <UnitQty>גרמים</UnitQty>
      <Quantity>255.00</Quantity>
      <bIsWeighted>0</bIsWeighted>
      <UnitOfMeasure>100 גרם</UnitOfMeasure>
      <QtyInPackage>1</QtyInPackage>
      <ItemPrice>12.90</ItemPrice>
      <UnitOfMeasurePrice>5.06</UnitOfMeasurePrice>
      <AllowDiscount>1</AllowDiscount>
      <ItemStatus>1</ItemStatus>
    </Item>
    <Item>
      <PriceUpdateDate>2025-03-25 06:57</PriceUpdateDate>
      <ItemCode>74880020403</ItemCode>
      <ItemType>1</ItemType>
      <ItemName>טוגראשי נאנאמי 15 גרם</ItemName>
      <ManufacturerName>לא ידוע</ManufacturerName>
      <ManufactureCountry>לא ידוע</ManufactureCountry>
      <ManufacturerItemDescription>טוגראשי נאנאמי 15 גר</ManufacturerItemDescription>
      <UnitQty>גרמים</UnitQty>
      <Quantity>15.00</Quantity>
      <bIsWeighted>0</bIsWeighted>
      <UnitOfMeasure>100 גרם</UnitOfMeasure>
      <QtyInPackage>1</QtyInPackage>
      <ItemPrice>25.90</ItemPrice>
      <UnitOfMeasurePrice>172.67</UnitOfMeasurePrice>
      <AllowDiscount>1</AllowDiscount>
      <ItemStatus>1</ItemStatus>
    </Item>
    <Item>
      <PriceUpdateDate>2025-05-15 17:08</PriceUpdateDate>
      <ItemCode>7501035011311</ItemCode>
      <ItemType>1</ItemType>
      <ItemName>טקילה קוארבו סילבר רולינגסטון 700 מ"ל</ItemName>
      <ManufacturerName>לא ידוע</ManufacturerName>
      <ManufactureCountry>MX</ManufactureCountry>
      <ManufacturerItemDescription>טקילה קוארבו סילבר ר</ManufacturerItemDescription>
      <UnitQty>מיליליטרים</UnitQty>
      <Quantity>700.00</Quantity>
      <bIsWeighted>0</bIsWeighted>
      <UnitOfMeasure>100 מ"ל</UnitOfMeasure>
      <QtyInPackage>1</QtyInPackage>
      <ItemPrice>109.90</ItemPrice>
      <UnitOfMeasurePrice>15.70</UnitOfMeasurePrice>
      <AllowDiscount>1</AllowDiscount>
      <ItemStatus>1</ItemStatus>
    </Item>
    <Item>
      <PriceUpdateDate>2024-01-11 16:46</PriceUpdateDate>
      <ItemCode>7501064191466</ItemCode>
      <ItemType>1</ItemType>
      <ItemName>שישיית בירה קורונה 355 מ"ל בקבוק</ItemName>
      <ManufacturerName>לא ידוע</ManufacturerName>
      <ManufactureCountry>לא ידוע</ManufactureCountry>
      <ManufacturerItemDescription>שישיית בירה קורונה 3</ManufacturerItemDescription>
      <UnitQty>מיליליטרים</UnitQty>
      <Quantity>2130.00</Quantity>
      <bIsWeighted>0</bIsWeighted>
      <UnitOfMeasure>100 מ"ל</UnitOfMeasure>
      <QtyInPackage>1</QtyInPackage>
      <ItemPrice>39.90</ItemPrice>
      <UnitOfMeasurePrice>1.87</UnitOfMeasurePrice>
      <AllowDiscount>1</AllowDiscount>
      <ItemStatus>1</ItemStatus>
    </Item>
    <Item>
      <PriceUpdateDate>2024-04-08 09:08</PriceUpdateDate>
      <ItemCode>7501064191527</ItemCode>
      <ItemType>1</ItemType>
      <ItemName>שישיית בירה קורונה אקסטרה 4.5% 355 מ"ל</ItemName>
      <ManufacturerName>לא ידוע</ManufacturerName>
      <ManufactureCountry />
      <ManufacturerItemDescription>שישיית בירה קורונה א</ManufacturerItemDescription>
      <UnitQty>מיליליטרים</UnitQty>
      <Quantity>2130.00</Quantity>
      <bIsWeighted>0</bIsWeighted>
      <UnitOfMeasure>100 מ"ל</UnitOfMeasure>
      <QtyInPackage>1</QtyInPackage>
      <ItemPrice>39.90</ItemPrice>
      <UnitOfMeasurePrice>1.87</UnitOfMeasurePrice>
      <AllowDiscount>1</AllowDiscount>
      <ItemStatus>1</ItemStatus>
    </Item>
    <Item>
      <PriceUpdateDate>2024-12-11 07:14</PriceUpdateDate>
      <ItemCode>7503012779306</ItemCode>
      <ItemType>1</ItemType>
      <ItemName>סירופ אגבה כחולה 100% 330 גרם נטורפוד</ItemName>
      <ManufacturerName>לא ידוע</ManufacturerName>
      <ManufactureCountry>לא ידוע</ManufactureCountry>
      <ManufacturerItemDescription>סירופ אגבה כחולה 100</ManufacturerItemDescription>
      <UnitQty>גרמים</UnitQty>
      <Quantity>330.00</Quantity>
      <bIsWeighted>0</bIsWeighted>
      <UnitOfMeasure>100 גרם</UnitOfMeasure>
      <QtyInPackage>1</QtyInPackage>
      <ItemPrice>25.90</ItemPrice>
      <UnitOfMeasurePrice>7.85</UnitOfMeasurePrice>
      <AllowDiscount>1</AllowDiscount>
      <ItemStatus>1</ItemStatus>
    </Item>
    <Item>
      <PriceUpdateDate>2022-06-09 17:40</PriceUpdateDate>
      <ItemCode>75032814</ItemCode>
      <ItemType>1</ItemType>
      <ItemName>בירה קורונה 355 מ"ל בקבוק</ItemName>
      <ManufacturerName>לא ידוע</ManufacturerName>
      <ManufactureCountry>לא ידוע</ManufactureCountry>
      <ManufacturerItemDescription>בירה קורונה 355 מ"ל </ManufacturerItemDescription>
      <UnitQty>מיליליטרים</UnitQty>
      <Quantity>355.00</Quantity>
      <bIsWeighted>0</bIsWeighted>
      <UnitOfMeasure>100 מ"ל</UnitOfMeasure>
      <QtyInPackage>1</QtyInPackage>
      <ItemPrice>8.90</ItemPrice>
      <UnitOfMeasurePrice>2.51</UnitOfMeasurePrice>
      <AllowDiscount>1</AllowDiscount>
      <ItemStatus>1</ItemStatus>
    </Item>
    <Item>
      <PriceUpdateDate>2024-01-12 20:59</PriceUpdateDate>
      <ItemCode>7509546063867</ItemCode>
      <ItemType>1</ItemType>
      <ItemName>ספיד סטיק אקסטרים אינטנס ספריי 150 מל</ItemName>
      <ManufacturerName>לא ידוע</ManufacturerName>
      <ManufactureCountry />
      <ManufacturerItemDescription>ספיד סטיק אקסטרים אי</ManufacturerItemDescription>
      <UnitQty>מיליליטרים</UnitQty>
      <Quantity>150.00</Quantity>
      <bIsWeighted>0</bIsWeighted>
      <UnitOfMeasure>100 מ"ל</UnitOfMeasure>
      <QtyInPackage>1</QtyInPackage>
      <ItemPrice>18.90</ItemPrice>
      <UnitOfMeasurePrice>12.60</UnitOfMeasurePrice>
      <AllowDiscount>1</AllowDiscount>
      <ItemStatus>1</ItemStatus>
    </Item>
    <Item>
      <PriceUpdateDate>2025-09-05 09:14</PriceUpdateDate>
      <ItemCode>7509546688886</ItemCode>
      <ItemType>1</ItemType>
      <ItemName>קולגייט אדומה ביטיוב 100 מל 2X כשלפ</ItemName>
      <ManufacturerName>לא ידוע</ManufacturerName>
      <ManufactureCountry>PL</ManufactureCountry>
      <ManufacturerItemDescription>קולגייט אדומה ביטיוב</ManufacturerItemDescription>
      <UnitQty>מיליליטרים</UnitQty>
      <Quantity>200.00</Quantity>
      <bIsWeighted>0</bIsWeighted>
      <UnitOfMeasure>100 מ"ל</UnitOfMeasure>
      <QtyInPackage>1</QtyInPackage>
      <ItemPrice>25.90</ItemPrice>
      <UnitOfMeasurePrice>12.95</UnitOfMeasurePrice>
      <AllowDiscount>1</AllowDiscount>
      <ItemStatus>1</ItemStatus>
    </Item>
    <Item>
      <PriceUpdateDate>2025-03-11 08:24</PriceUpdateDate>
      <ItemCode>753182340302</ItemCode>
      <ItemType>1</ItemType>
      <ItemName>אבקת וואסבי 35 גרם קינגדאוו</ItemName>
      <ManufacturerName>לא ידוע</ManufacturerName>
      <ManufactureCountry>לא ידוע</ManufactureCountry>
      <ManufacturerItemDescription>אבקת וואסבי 35 גרם ק</ManufacturerItemDescription>
      <UnitQty>גרמים</UnitQty>
      <Quantity>35.00</Quantity>
      <bIsWeighted>0</bIsWeighted>
      <UnitOfMeasure>100 גרם</UnitOfMeasure>
      <QtyInPackage>1</QtyInPackage>
      <ItemPrice>17.50</ItemPrice>
      <UnitOfMeasurePrice>50.00</UnitOfMeasurePrice>
      <AllowDiscount>1</AllowDiscount>
      <ItemStatus>1</ItemStatus>
    </Item>
    <Item>
      <PriceUpdateDate>2025-02-27 09:52</PriceUpdateDate>
      <ItemCode>7610113000175</ItemCode>
      <ItemType>1</ItemType>
      <ItemName>רום בקרדי מוחיטו 700 מ"ל</ItemName>
      <ManufacturerName>לא ידוע</ManufacturerName>
      <ManufactureCountry>לא ידוע</ManufactureCountry>
      <ManufacturerItemDescription>רום בקרדי מוחיטו 700</ManufacturerItemDescription>
      <UnitQty>מיליליטרים</UnitQty>
      <Quantity>700.00</Quantity>
      <bIsWeighted>0</bIsWeighted>
      <UnitOfMeasure>100 מ"ל</UnitOfMeasure>
      <QtyInPackage>1</QtyInPackage>
      <ItemPrice>93.90</ItemPrice>
      <UnitOfMeasurePrice>13.41</UnitOfMeasurePrice>
      <AllowDiscount>1</AllowDiscount>
      <ItemStatus>1</ItemStatus>
    </Item>
    <Item>
      <PriceUpdateDate>2025-01-02 08:19</PriceUpdateDate>
      <ItemCode>7610113023716</ItemCode>
      <ItemType>1</ItemType>
      <ItemName>בקרדי בריזר אפרסק 275 מ"ל</ItemName>
      <ManufacturerName>לא ידוע</ManufacturerName>
      <ManufactureCountry>לא ידוע</ManufactureCountry>
      <ManufacturerItemDescription>בקרדי בריזר אפרסק 27</ManufacturerItemDescription>
      <UnitQty>מיליליטרים</UnitQty>
      <Quantity>275.00</Quantity>
      <bIsWeighted>0</bIsWeighted>
      <UnitOfMeasure>100 מ"ל</UnitOfMeasure>
      <QtyInPackage>1</QtyInPackage>
      <ItemPrice>16.90</ItemPrice>
      <UnitOfMeasurePrice>6.15</UnitOfMeasurePrice>
      <AllowDiscount>1</AllowDiscount>
      <ItemStatus>1</ItemStatus>
    </Item>
    <Item>
      <PriceUpdateDate>2025-01-02 08:19</PriceUpdateDate>
      <ItemCode>7610113027684</ItemCode>
      <ItemType>1</ItemType>
      <ItemName>בקרדי בריזר אבטיח 275 מ"ל</ItemName>
      <ManufacturerName>לא ידוע</ManufacturerName>
      <ManufactureCountry>בלגיה</ManufactureCountry>
      <ManufacturerItemDescription>בקרדי בריזר אבטיח 27</ManufacturerItemDescription>
      <UnitQty>מיליליטרים</UnitQty>
      <Quantity>275.00</Quantity>
      <bIsWeighted>0</bIsWeighted>
      <UnitOfMeasure>100 מ"ל</UnitOfMeasure>
      <QtyInPackage>1</QtyInPackage>
      <ItemPrice>16.90</ItemPrice>
      <UnitOfMeasurePrice>6.15</UnitOfMeasurePrice>
      <AllowDiscount>1</AllowDiscount>
      <ItemStatus>1</ItemStatus>
    </Item>
    <Item>
      <PriceUpdateDate>2025-09-05 09:13</PriceUpdateDate>
      <ItemCode>7610400010481</ItemCode>
      <ItemType>1</ItemType>
      <ItemName>לינדט אקסלנס מילק 100 גר</ItemName>
      <ManufacturerName>לא ידוע</ManufacturerName>
      <ManufactureCountry>לא ידוע</ManufactureCountry>
      <ManufacturerItemDescription>לינדט אקסלנס מילק   </ManufacturerItemDescription>
      <UnitQty>גרמים</UnitQty>
      <Quantity>100.00</Quantity>
      <bIsWeighted>0</bIsWeighted>
      <UnitOfMeasure>100 גרם</UnitOfMeasure>
      <QtyInPackage>1</QtyInPackage>
      <ItemPrice>26.90</ItemPrice>
      <UnitOfMeasurePrice>26.90</UnitOfMeasurePrice>
      <AllowDiscount>1</AllowDiscount>
      <ItemStatus>1</ItemStatus>
    </Item>
    <Item>
      <PriceUpdateDate>2025-02-16 16:30</PriceUpdateDate>
      <ItemCode>7610400068505</ItemCode>
      <ItemType>1</ItemType>
      <ItemName>בונבוניירה לינדור מילק 200 גרם</ItemName>
      <ManufacturerName>לא ידוע</ManufacturerName>
      <ManufactureCountry>לא ידוע</ManufactureCountry>
      <ManufacturerItemDescription>בונבוניירה לינדור מי</ManufacturerItemDescription>
      <UnitQty>גרמים</UnitQty>
      <Quantity>200.00</Quantity>
      <bIsWeighted>0</bIsWeighted>
      <UnitOfMeasure>100 גרם</UnitOfMeasure>
      <QtyInPackage>1</QtyInPackage>
      <ItemPrice>49.90</ItemPrice>
      <UnitOfMeasurePrice>24.95</UnitOfMeasurePrice>
      <AllowDiscount>1</AllowDiscount>
      <ItemStatus>1</ItemStatus>
    </Item>
    <Item>
      <PriceUpdateDate>2025-02-28 11:30</PriceUpdateDate>
      <ItemCode>7610400075770</ItemCode>
      <ItemType>1</ItemType>
      <ItemName>לינדט לה גרנד מריר אגוז 150 גר</ItemName>
      <ManufacturerName>לא ידוע</ManufacturerName>
      <ManufactureCountry>לא ידוע</ManufactureCountry>
      <ManufacturerItemDescription>לינדט לה גרנד מריר א</ManufacturerItemDescription>
      <UnitQty>גרמים</UnitQty>
      <Quantity>150.00</Quantity>
      <bIsWeighted>0</bIsWeighted>
      <UnitOfMeasure>100 גרם</UnitOfMeasure>
      <QtyInPackage>1</QtyInPackage>
      <ItemPrice>31.90</ItemPrice>
      <UnitOfMeasurePrice>21.27</UnitOfMeasurePrice>
      <AllowDiscount>1</AllowDiscount>
      <ItemStatus>1</ItemStatus>
    </Item>
    <Item>
      <PriceUpdateDate>2025-02-28 12:32</PriceUpdateDate>
      <ItemCode>7610400075787</ItemCode>
      <ItemType>1</ItemType>
      <ItemName>לינדט לה גרנד חלב אגוזים 150 גר</ItemName>
      <ManufacturerName>לא ידוע</ManufacturerName>
      <ManufactureCountry>לא ידוע</ManufactureCountry>
      <ManufacturerItemDescription>לינדט לה גרנד חלב אג</ManufacturerItemDescription>
      <UnitQty>גרמים</UnitQty>
      <Quantity>150.00</Quantity>
      <bIsWeighted>0</bIsWeighted>
      <UnitOfMeasure>100 גרם</UnitOfMeasure>
      <QtyInPackage>1</QtyInPackage>
      <ItemPrice>31.90</ItemPrice>
      <UnitOfMeasurePrice>21.27</UnitOfMeasurePrice>
      <AllowDiscount>1</AllowDiscount>
      <ItemStatus>1</ItemStatus>
    </Item>
    <Item>
      <PriceUpdateDate>2025-11-14 09:53</PriceUpdateDate>
      <ItemCode>7610400075794</ItemCode>
      <ItemType>1</ItemType>
      <ItemName>לינדט לה גרנד לבן שקד 150 גר</ItemName>
      <ManufacturerName>לא ידוע</ManufacturerName>
      <ManufactureCountry>לא ידוע</ManufactureCountry>
      <ManufacturerItemDescription>לינדט לה גרנד לבן שק</ManufacturerItemDescription>
      <UnitQty>גרמים</UnitQty>
      <Quantity>150.00</Quantity>
      <bIsWeighted>0</bIsWeighted>
      <UnitOfMeasure>100 גרם</UnitOfMeasure>
      <QtyInPackage>1</QtyInPackage>
      <ItemPrice>35.90</ItemPrice>
      <UnitOfMeasurePrice>23.93</UnitOfMeasurePrice>
      <AllowDiscount>1</AllowDiscount>
      <ItemStatus>1</ItemStatus>
    </Item>
    <Item>
      <PriceUpdateDate>2025-11-14 09:54</PriceUpdateDate>
      <ItemCode>7610400085946</ItemCode>
      <ItemType>1</ItemType>
      <ItemName>לינדט לגרנד דארק אלמונד סולט 150 גרם</ItemName>
      <ManufacturerName>לא ידוע</ManufacturerName>
      <ManufactureCountry />
      <ManufacturerItemDescription>לינדט לה גרנד דארק  </ManufacturerItemDescription>
      <UnitQty>גרמים</UnitQty>
      <Quantity>150.00</Quantity>
      <bIsWeighted>0</bIsWeighted>
      <UnitOfMeasure>100 גרם</UnitOfMeasure>
      <QtyInPackage>1</QtyInPackage>
      <ItemPrice>35.90</ItemPrice>
      <UnitOfMeasurePrice>23.93</UnitOfMeasurePrice>
      <AllowDiscount>1</AllowDiscount>
      <ItemStatus>1</ItemStatus>
    </Item>
    <Item>
      <PriceUpdateDate>2025-08-13 14:50</PriceUpdateDate>
      <ItemCode>7610563108377</ItemCode>
      <ItemType>1</ItemType>
      <ItemName>אמנטל שוויצרי פרוס 150 גר</ItemName>
      <ManufacturerName>לא ידוע</ManufacturerName>
      <ManufactureCountry>לא ידוע</ManufactureCountry>
      <ManufacturerItemDescription>אמנטל שוויצרי פרוס  </ManufacturerItemDescription>
      <UnitQty>גרמים</UnitQty>
      <Quantity>150.00</Quantity>
      <bIsWeighted>0</bIsWeighted>
      <UnitOfMeasure>100 גרם</UnitOfMeasure>
      <QtyInPackage>1</QtyInPackage>
      <ItemPrice>44.90</ItemPrice>
      <UnitOfMeasurePrice>29.93</UnitOfMeasurePrice>
      <AllowDiscount>1</AllowDiscount>
      <ItemStatus>1</ItemStatus>
    </Item>
    <Item>
      <PriceUpdateDate>2025-08-13 14:50</PriceUpdateDate>
      <ItemCode>7610563208374</ItemCode>
      <ItemType>1</ItemType>
      <ItemName>גרוייר שוויצרי פרוס 150 גר</ItemName>
      <ManufacturerName>לא ידוע</ManufacturerName>
      <ManufactureCountry>לא ידוע</ManufactureCountry>
      <ManufacturerItemDescription>גרוייר שוויצרי פרוס </ManufacturerItemDescription>
      <UnitQty>גרמים</UnitQty>
      <Quantity>150.00</Quantity>
      <bIsWeighted>0</bIsWeighted>
      <UnitOfMeasure>100 גרם</UnitOfMeasure>
      <QtyInPackage>1</QtyInPackage>
      <ItemPrice>48.90</ItemPrice>
      <UnitOfMeasurePrice>32.60</UnitOfMeasurePrice>
      <AllowDiscount>1</AllowDiscount>
      <ItemStatus>1</ItemStatus>
    </Item>
    <Item>
      <PriceUpdateDate>2025-08-13 14:50</PriceUpdateDate>
      <ItemCode>7613030979647</ItemCode>
      <ItemType>1</ItemType>
      <ItemName>דגנים טריקס פירות עולם היורה 480 גרם</ItemName>
      <ManufacturerName>לא ידוע</ManufacturerName>
      <ManufactureCountry />
      <ManufacturerItemDescription>דגנים טריקס פירות עו</ManufacturerItemDescription>
      <UnitQty>גרמים</UnitQty>
      <Quantity>480.00</Quantity>
      <bIsWeighted>0</bIsWeighted>
      <UnitOfMeasure>100 גרם</UnitOfMeasure>
      <QtyInPackage>1</QtyInPackage>
      <ItemPrice>29.90</ItemPrice>
      <UnitOfMeasurePrice>6.23</UnitOfMeasurePrice>
      <AllowDiscount>1</AllowDiscount>
      <ItemStatus>1</ItemStatus>
    </Item>
    <Item>
      <PriceUpdateDate>2025-01-29 07:08</PriceUpdateDate>
      <ItemCode>7613032045753</ItemCode>
      <ItemType>1</ItemType>
      <ItemName>פיטנס שוקולד 375 ג</ItemName>
      <ManufacturerName>לא ידוע</ManufacturerName>
      <ManufactureCountry>לא ידוע</ManufactureCountry>
      <ManufacturerItemDescription>פיטנס שוקולד 375 ג  </ManufacturerItemDescription>
      <UnitQty>גרמים</UnitQty>
      <Quantity>375.00</Quantity>
      <bIsWeighted>0</bIsWeighted>
      <UnitOfMeasure>100 גרם</UnitOfMeasure>
      <QtyInPackage>1</QtyInPackage>
      <ItemPrice>27.90</ItemPrice>
      <UnitOfMeasurePrice>7.44</UnitOfMeasurePrice>
      <AllowDiscount>1</AllowDiscount>
      <ItemStatus>1</ItemStatus>
    </Item>
    <Item>
      <PriceUpdateDate>2024-01-10 20:37</PriceUpdateDate>
      <ItemCode>7613035622623</ItemCode>
      <ItemType>1</ItemType>
      <ItemName>פיטנס גרנולה ודבש 300 גרם</ItemName>
      <ManufacturerName>לא ידוע</ManufacturerName>
      <ManufactureCountry>לא ידוע</ManufactureCountry>
      <ManufacturerItemDescription>פיטנס גרנולה ודבש   </ManufacturerItemDescription>
      <UnitQty>גרמים</UnitQty>
      <Quantity>300.00</Quantity>
      <bIsWeighted>0</bIsWeighted>
      <UnitOfMeasure>100 גרם</UnitOfMeasure>
      <QtyInPackage>1</QtyInPackage>
      <ItemPrice>19.90</ItemPrice>
      <UnitOfMeasurePrice>6.63</UnitOfMeasurePrice>
      <AllowDiscount>1</AllowDiscount>
      <ItemStatus>1</ItemStatus>
    </Item>
    <Item>
      <PriceUpdateDate>2024-01-10 20:37</PriceUpdateDate>
      <ItemCode>7613035635845</ItemCode>
      <ItemType>1</ItemType>
      <ItemName>פיטנס גרנולה שוקולד 300 גרם</ItemName>
      <ManufacturerName>לא ידוע</ManufacturerName>
      <ManufactureCountry>לא ידוע</ManufactureCountry>
      <ManufacturerItemDescription>פיטנס גרנולה שוקולד </ManufacturerItemDescription>
      <UnitQty>גרמים</UnitQty>
      <Quantity>300.00</Quantity>
      <bIsWeighted>0</bIsWeighted>
      <UnitOfMeasure>100 גרם</UnitOfMeasure>
      <QtyInPackage>1</QtyInPackage>
      <ItemPrice>19.90</ItemPrice>
      <UnitOfMeasurePrice>6.63</UnitOfMeasurePrice>
      <AllowDiscount>1</AllowDiscount>
      <ItemStatus>1</ItemStatus>
    </Item>
    <Item>
      <PriceUpdateDate>2024-01-10 20:37</PriceUpdateDate>
      <ItemCode>7613035758834</ItemCode>
      <ItemType>1</ItemType>
      <ItemName>פיטנס גרנולה חמוציות 300 גרם</ItemName>
      <ManufacturerName>לא ידוע</ManufacturerName>
      <ManufactureCountry>ישראל</ManufactureCountry>
      <ManufacturerItemDescription>פיטנס גרנולה חמוציות</ManufacturerItemDescription>
      <UnitQty>גרמים</UnitQty>
      <Quantity>300.00</Quantity>
      <bIsWeighted>0</bIsWeighted>
      <UnitOfMeasure>100 גרם</UnitOfMeasure>
      <QtyInPackage>1</QtyInPackage>
      <ItemPrice>19.90</ItemPrice>
      <UnitOfMeasurePrice>6.63</UnitOfMeasurePrice>
      <AllowDiscount>1</AllowDiscount>
      <ItemStatus>1</ItemStatus>
    </Item>
    <Item>
      <PriceUpdateDate>2025-09-17 11:24</PriceUpdateDate>
      <ItemCode>7613036314114</ItemCode>
      <ItemType>1</ItemType>
      <ItemName>נס קפה גולד 200 גרם</ItemName>
      <ManufacturerName>לא ידוע</ManufacturerName>
      <ManufactureCountry>לא ידוע</ManufactureCountry>
      <ManufacturerItemDescription>נס קפה גולד 200 גרם </ManufacturerItemDescription>
      <UnitQty>גרמים</UnitQty>
      <Quantity>200.00</Quantity>
      <bIsWeighted>0</bIsWeighted>
      <UnitOfMeasure>100 גרם</UnitOfMeasure>
      <QtyInPackage>1</QtyInPackage>
      <ItemPrice>64.90</ItemPrice>
      <UnitOfMeasurePrice>32.45</UnitOfMeasurePrice>
      <AllowDiscount>1</AllowDiscount>
      <ItemStatus>1</ItemStatus>
    </Item>
    <Item>
      <PriceUpdateDate>2025-01-30 07:58</PriceUpdateDate>
      <ItemCode>7613036984393</ItemCode>
      <ItemType>1</ItemType>
      <ItemName>קפסולות סטארבקס האוס בלנד 57 ג</ItemName>
      <ManufacturerName>לא ידוע</ManufacturerName>
      <ManufactureCountry>CH</ManufactureCountry>
      <ManufacturerItemDescription>קפסולות סטארבקס האוס</ManufacturerItemDescription>
      <UnitQty>גרמים</UnitQty>
      <Quantity>57.00</Quantity>
      <bIsWeighted>0</bIsWeighted>
      <UnitOfMeasure>100 גרם</UnitOfMeasure>
      <QtyInPackage>1</QtyInPackage>
      <ItemPrice>24.90</ItemPrice>
      <UnitOfMeasurePrice>43.68</UnitOfMeasurePrice>
      <AllowDiscount>1</AllowDiscount>
      <ItemStatus>1</ItemStatus>
    </Item>
    <Item>
      <PriceUpdateDate>2025-01-30 07:57</PriceUpdateDate>
      <ItemCode>7613037686906</ItemCode>
      <ItemType>1</ItemType>
      <ItemName>דגני בוקר פיטנס שקדים ודבש  355 גרם</ItemName>
      <ManufacturerName>לא ידוע</ManufacturerName>
      <ManufactureCountry>לא ידוע</ManufactureCountry>
      <ManufacturerItemDescription>דגני בוקר פיטנס שקדי</ManufacturerItemDescription>
      <UnitQty>גרמים</UnitQty>
      <Quantity>375.00</Quantity>
      <bIsWeighted>0</bIsWeighted>
      <UnitOfMeasure>100 גרם</UnitOfMeasure>
      <QtyInPackage>1</QtyInPackage>
      <ItemPrice>26.90</ItemPrice>
      <UnitOfMeasurePrice>7.17</UnitOfMeasurePrice>
      <AllowDiscount>1</AllowDiscount>
      <ItemStatus>1</ItemStatus>
    </Item>
    <Item>
      <PriceUpdateDate>2025-09-16 12:37</PriceUpdateDate>
      <ItemCode>7613287481894</ItemCode>
      <ItemType>1</ItemType>
      <ItemName>טומי חרדל עדין שפופרת 200 גרם</ItemName>
      <ManufacturerName>לא ידוע</ManufacturerName>
      <ManufactureCountry />
      <ManufacturerItemDescription>טומי חרדל עדין שפופר</ManufacturerItemDescription>
      <UnitQty>גרמים</UnitQty>
      <Quantity>200.00</Quantity>
      <bIsWeighted>0</bIsWeighted>
      <UnitOfMeasure>100 גרם</UnitOfMeasure>
      <QtyInPackage>1</QtyInPackage>
      <ItemPrice>17.90</ItemPrice>
      <UnitOfMeasurePrice>8.95</UnitOfMeasurePrice>
      <AllowDiscount>1</AllowDiscount>
      <ItemStatus>1</ItemStatus>
    </Item>
    <Item>
      <PriceUpdateDate>2025-01-05 19:50</PriceUpdateDate>
      <ItemCode>76136184</ItemCode>
      <ItemType>1</ItemType>
      <ItemName>פאל מאל סופרסלימס כחול</ItemName>
      <ManufacturerName>לא ידוע</ManufacturerName>
      <ManufactureCountry>לא ידוע</ManufactureCountry>
      <ManufacturerItemDescription>פאל מאל סופרסלימס כח</ManufacturerItemDescription>
      <UnitQty>Unknown</UnitQty>
      <Quantity>0.00</Quantity>
      <bIsWeighted>0</bIsWeighted>
      <UnitOfMeasure>Unknown</UnitOfMeasure>
      <QtyInPackage>1</QtyInPackage>
      <ItemPrice>39.00</ItemPrice>
      <UnitOfMeasurePrice>39.00</UnitOfMeasurePrice>
      <AllowDiscount>1</AllowDiscount>
      <ItemStatus>1</ItemStatus>
    </Item>
    <Item>
      <PriceUpdateDate>2025-06-06 05:57</PriceUpdateDate>
      <ItemCode>7622010001858</ItemCode>
      <ItemType>1</ItemType>
      <ItemName>אוראו ממולאות קרם וניל באטמן 176 גרם</ItemName>
      <ManufacturerName>לא ידוע</ManufacturerName>
      <ManufactureCountry>לא ידוע</ManufactureCountry>
      <ManufacturerItemDescription>אוראו ממולאות קרם ונ</ManufacturerItemDescription>
      <UnitQty>גרמים</UnitQty>
      <Quantity>176.00</Quantity>
      <bIsWeighted>0</bIsWeighted>
      <UnitOfMeasure>100 גרם</UnitOfMeasure>
      <QtyInPackage>1</QtyInPackage>
      <ItemPrice>13.90</ItemPrice>
      <UnitOfMeasurePrice>7.90</UnitOfMeasurePrice>
      <AllowDiscount>1</AllowDiscount>
      <ItemStatus>1</ItemStatus>
    </Item>
    <Item>
      <PriceUpdateDate>2025-07-31 13:25</PriceUpdateDate>
      <ItemCode>7622200003938</ItemCode>
      <ItemType>1</ItemType>
      <ItemName>מילקה מילקיניס 87 גרם</ItemName>
      <ManufacturerName>לא ידוע</ManufacturerName>
      <ManufactureCountry />
      <ManufacturerItemDescription>אצבעות מילקיניס מילק</ManufacturerItemDescription>
      <UnitQty>גרמים</UnitQty>
      <Quantity>88.00</Quantity>
      <bIsWeighted>0</bIsWeighted>
      <UnitOfMeasure>100 גרם</UnitOfMeasure>
      <QtyInPackage>1</QtyInPackage>
      <ItemPrice>12.90</ItemPrice>
      <UnitOfMeasurePrice>14.66</UnitOfMeasurePrice>
      <AllowDiscount>1</AllowDiscount>
      <ItemStatus>1</ItemStatus>
    </Item>
    <Item>
      <PriceUpdateDate>2025-06-06 05:55</PriceUpdateDate>
      <ItemCode>7622201120931</ItemCode>
      <ItemType>1</ItemType>
      <ItemName>שוקולד מילקה אוראו לבן 100 גרם</ItemName>
      <ManufacturerName>לא ידוע</ManufacturerName>
      <ManufactureCountry>לא ידוע</ManufactureCountry>
      <ManufacturerItemDescription>שוקולד מילקה אוראו ל</ManufacturerItemDescription>
      <UnitQty>גרמים</UnitQty>
      <Quantity>100.00</Quantity>
      <bIsWeighted>0</bIsWeighted>
      <UnitOfMeasure>100 גרם</UnitOfMeasure>
      <QtyInPackage>1</QtyInPackage>
      <ItemPrice>11.50</ItemPrice>
      <UnitOfMeasurePrice>11.50</UnitOfMeasurePrice>
      <AllowDiscount>1</AllowDiscount>
      <ItemStatus>1</ItemStatus>
    </Item>
    <Item>
      <PriceUpdateDate>2024-05-27 10:48</PriceUpdateDate>
      <ItemCode>7622201401900</ItemCode>
      <ItemType>1</ItemType>
      <ItemName>עוגיות מילקה סנסיישן אוראו 156 גרם</ItemName>
      <ManufacturerName>לא ידוע</ManufacturerName>
      <ManufactureCountry>פולין</ManufactureCountry>
      <ManufacturerItemDescription>עוגיות מילקה סנסיישן</ManufacturerItemDescription>
      <UnitQty>גרמים</UnitQty>
      <Quantity>156.00</Quantity>
      <bIsWeighted>0</bIsWeighted>
      <UnitOfMeasure>100 גרם</UnitOfMeasure>
      <QtyInPackage>1</QtyInPackage>
      <ItemPrice>15.90</ItemPrice>
      <UnitOfMeasurePrice>10.19</UnitOfMeasurePrice>
      <AllowDiscount>1</AllowDiscount>
      <ItemStatus>1</ItemStatus>
    </Item>
    <Item>
      <PriceUpdateDate>2025-06-06 05:55</PriceUpdateDate>
      <ItemCode>7622201809188</ItemCode>
      <ItemType>1</ItemType>
      <ItemName>ביסקוויט מילקה 150 גרם</ItemName>
      <ManufacturerName>לא ידוע</ManufacturerName>
      <ManufactureCountry>צרפת</ManufactureCountry>
      <ManufacturerItemDescription>ביסקוויט מילקה 150 ג</ManufacturerItemDescription>
      <UnitQty>גרמים</UnitQty>
      <Quantity>150.00</Quantity>
      <bIsWeighted>0</bIsWeighted>
      <UnitOfMeasure>100 גרם</UnitOfMeasure>
      <QtyInPackage>1</QtyInPackage>
      <ItemPrice>17.90</ItemPrice>
      <UnitOfMeasurePrice>11.93</UnitOfMeasurePrice>
      <AllowDiscount>1</AllowDiscount>
      <ItemStatus>1</ItemStatus>
    </Item>
    <Item>
      <PriceUpdateDate>2025-06-06 05:57</PriceUpdateDate>
      <ItemCode>7622201813390</ItemCode>
      <ItemType>1</ItemType>
      <ItemName>עוגיות מילקה וואפל במילוי קרם קקאו 150 ג</ItemName>
      <ManufacturerName>לא ידוע</ManufacturerName>
      <ManufactureCountry>לא ידוע</ManufactureCountry>
      <ManufacturerItemDescription>עוגיות מילקה וואפל ב</ManufacturerItemDescription>
      <UnitQty>גרמים</UnitQty>
      <Quantity>150.00</Quantity>
      <bIsWeighted>0</bIsWeighted>
      <UnitOfMeasure>100 גרם</UnitOfMeasure>
      <QtyInPackage>1</QtyInPackage>
      <ItemPrice>17.90</ItemPrice>
      <UnitOfMeasurePrice>11.93</UnitOfMeasurePrice>
      <AllowDiscount>1</AllowDiscount>
      <ItemStatus>1</ItemStatus>
    </Item>
    <Item>
      <PriceUpdateDate>2025-05-21 08:35</PriceUpdateDate>
      <ItemCode>7622202257506</ItemCode>
      <ItemType>1</ItemType>
      <ItemName>שוקולד אקסטרה קקאו מילקה 90 גר</ItemName>
      <ManufacturerName>לא ידוע</ManufacturerName>
      <ManufactureCountry>גרמניה</ManufactureCountry>
      <ManufacturerItemDescription>שוקולד אקסטרה קקאו מ</ManufacturerItemDescription>
      <UnitQty>גרמים</UnitQty>
      <Quantity>90.00</Quantity>
      <bIsWeighted>0</bIsWeighted>
      <UnitOfMeasure>100 גרם</UnitOfMeasure>
      <QtyInPackage>1</QtyInPackage>
      <ItemPrice>11.50</ItemPrice>
      <UnitOfMeasurePrice>12.78</UnitOfMeasurePrice>
      <AllowDiscount>1</AllowDiscount>
      <ItemStatus>1</ItemStatus>
    </Item>
    <Item>
      <PriceUpdateDate>2025-05-21 08:42</PriceUpdateDate>
      <ItemCode>7622202257803</ItemCode>
      <ItemType>1</ItemType>
      <ItemName>שוקולד חום לבן מילקה 90 גר</ItemName>
      <ManufacturerName>לא ידוע</ManufacturerName>
      <ManufactureCountry>גרמניה</ManufactureCountry>
      <ManufacturerItemDescription>שוקולד חום לבן מילקה</ManufacturerItemDescription>
      <UnitQty>גרמים</UnitQty>
      <Quantity>90.00</Quantity>
      <bIsWeighted>0</bIsWeighted>
      <UnitOfMeasure>100 גרם</UnitOfMeasure>
      <QtyInPackage>1</QtyInPackage>
      <ItemPrice>11.50</ItemPrice>
      <UnitOfMeasurePrice>12.78</UnitOfMeasurePrice>
      <AllowDiscount>1</AllowDiscount>
      <ItemStatus>1</ItemStatus>
    </Item>
    <Item>
      <PriceUpdateDate>2025-06-06 05:55</PriceUpdateDate>
      <ItemCode>7622202265648</ItemCode>
      <ItemType>1</ItemType>
      <ItemName>שוקולד לבן מילקה 90 גר</ItemName>
      <ManufacturerName>לא ידוע</ManufacturerName>
      <ManufactureCountry>גרמניה</ManufactureCountry>
      <ManufacturerItemDescription>שוקולד לבן מילקה 90 </ManufacturerItemDescription>
      <UnitQty>גרמים</UnitQty>
      <Quantity>90.00</Quantity>
      <bIsWeighted>0</bIsWeighted>
      <UnitOfMeasure>100 גרם</UnitOfMeasure>
      <QtyInPackage>1</QtyInPackage>
      <ItemPrice>11.50</ItemPrice>
      <UnitOfMeasurePrice>12.78</UnitOfMeasurePrice>
      <AllowDiscount>1</AllowDiscount>
      <ItemStatus>1</ItemStatus>
    </Item>
    <Item>
      <PriceUpdateDate>2025-05-21 08:40</PriceUpdateDate>
      <ItemCode>7622202268298</ItemCode>
      <ItemType>1</ItemType>
      <ItemName>שוקולד חלב מילקה 90 גר</ItemName>
      <ManufacturerName>לא ידוע</ManufacturerName>
      <ManufactureCountry>גרמניה</ManufactureCountry>
      <ManufacturerItemDescription>שוקולד חלב מילקה 90 </ManufacturerItemDescription>
      <UnitQty>גרמים</UnitQty>
      <Quantity>90.00</Quantity>
      <bIsWeighted>0</bIsWeighted>
      <UnitOfMeasure>100 גרם</UnitOfMeasure>
      <QtyInPackage>1</QtyInPackage>
      <ItemPrice>11.50</ItemPrice>
      <UnitOfMeasurePrice>12.78</UnitOfMeasurePrice>
      <AllowDiscount>1</AllowDiscount>
      <ItemStatus>1</ItemStatus>
    </Item>
    <Item>
      <PriceUpdateDate>2025-06-06 05:55</PriceUpdateDate>
      <ItemCode>7622210078131</ItemCode>
      <ItemType>1</ItemType>
      <ItemName>שוקולד חלב עם דאיים מילקה 100 גרם</ItemName>
      <ManufacturerName>לא ידוע</ManufacturerName>
      <ManufactureCountry>לא ידוע</ManufactureCountry>
      <ManufacturerItemDescription>שוקולד חלב עם דאיים </ManufacturerItemDescription>
      <UnitQty>גרמים</UnitQty>
      <Quantity>100.00</Quantity>
      <bIsWeighted>0</bIsWeighted>
      <UnitOfMeasure>100 גרם</UnitOfMeasure>
      <QtyInPackage>1</QtyInPackage>
      <ItemPrice>11.50</ItemPrice>
      <UnitOfMeasurePrice>11.50</UnitOfMeasurePrice>
      <AllowDiscount>1</AllowDiscount>
      <ItemStatus>1</ItemStatus>
    </Item>
    <Item>
      <PriceUpdateDate>2025-06-06 05:55</PriceUpdateDate>
      <ItemCode>7622210117762</ItemCode>
      <ItemType>1</ItemType>
      <ItemName>בונבוניירה קוטדור בושה 200 גרם</ItemName>
      <ManufacturerName>לא ידוע</ManufacturerName>
      <ManufactureCountry>לא ידוע</ManufactureCountry>
      <ManufacturerItemDescription>בונבוניירה קוטדור בו</ManufacturerItemDescription>
      <UnitQty>גרמים</UnitQty>
      <Quantity>200.00</Quantity>
      <bIsWeighted>0</bIsWeighted>
      <UnitOfMeasure>100 גרם</UnitOfMeasure>
      <QtyInPackage>1</QtyInPackage>
      <ItemPrice>29.90</ItemPrice>
      <UnitOfMeasurePrice>14.95</UnitOfMeasurePrice>
      <AllowDiscount>1</AllowDiscount>
      <ItemStatus>1</ItemStatus>
    </Item>
    <Item>
      <PriceUpdateDate>2025-06-06 05:55</PriceUpdateDate>
      <ItemCode>7622210406354</ItemCode>
      <ItemType>1</ItemType>
      <ItemName>מילקה אצבעות ביסקוויט ציפוי שוק. חלב 112</ItemName>
      <ManufacturerName>לא ידוע</ManufacturerName>
      <ManufactureCountry>לא ידוע</ManufactureCountry>
      <ManufacturerItemDescription>מילקה אצבעות ביסקווי</ManufacturerItemDescription>
      <UnitQty>גרמים</UnitQty>
      <Quantity>112.00</Quantity>
      <bIsWeighted>0</bIsWeighted>
      <UnitOfMeasure>100 גרם</UnitOfMeasure>
      <QtyInPackage>1</QtyInPackage>
      <ItemPrice>14.90</ItemPrice>
      <UnitOfMeasurePrice>13.30</UnitOfMeasurePrice>
      <AllowDiscount>1</AllowDiscount>
      <ItemStatus>1</ItemStatus>
    </Item>
    <Item>
      <PriceUpdateDate>2025-05-21 08:34</PriceUpdateDate>
      <ItemCode>7622210453327</ItemCode>
      <ItemType>1</ItemType>
      <ItemName>עוגיות מילקה סנסיישן 156 גרם</ItemName>
      <ManufacturerName>לא ידוע</ManufacturerName>
      <ManufactureCountry>לא ידוע</ManufactureCountry>
      <ManufacturerItemDescription>מילקה סנסיישן 156 גר</ManufacturerItemDescription>
      <UnitQty>גרמים</UnitQty>
      <Quantity>100.00</Quantity>
      <bIsWeighted>0</bIsWeighted>
      <UnitOfMeasure>100 גרם</UnitOfMeasure>
      <QtyInPackage>1</QtyInPackage>
      <ItemPrice>17.90</ItemPrice>
      <UnitOfMeasurePrice>17.90</UnitOfMeasurePrice>
      <AllowDiscount>1</AllowDiscount>
      <ItemStatus>1</ItemStatus>
    </Item>
    <Item>
      <PriceUpdateDate>2025-06-06 05:56</PriceUpdateDate>
      <ItemCode>7622210464729</ItemCode>
      <ItemType>1</ItemType>
      <ItemName>אוראו גולדן 154 גרם</ItemName>
      <ManufacturerName>לא ידוע</ManufacturerName>
      <ManufactureCountry>אוקראינה</ManufactureCountry>
      <ManufacturerItemDescription>אוראו גולדן 154 גרם </ManufacturerItemDescription>
      <UnitQty>גרמים</UnitQty>
      <Quantity>154.00</Quantity>
      <bIsWeighted>0</bIsWeighted>
      <UnitOfMeasure>100 גרם</UnitOfMeasure>
      <QtyInPackage>1</QtyInPackage>
      <ItemPrice>10.90</ItemPrice>
      <UnitOfMeasurePrice>7.08</UnitOfMeasurePrice>
      <AllowDiscount>1</AllowDiscount>
      <ItemStatus>1</ItemStatus>
    </Item>
    <Item>
      <PriceUpdateDate>2025-06-06 05:57</PriceUpdateDate>
      <ItemCode>7622210637994</ItemCode>
      <ItemType>1</ItemType>
      <ItemName>אוראו ביס קראנצי אורגינל 110 גרם</ItemName>
      <ManufacturerName>לא ידוע</ManufacturerName>
      <ManufactureCountry>ספרד</ManufactureCountry>
      <ManufacturerItemDescription>אוראו ביס קראנצי אור</ManufacturerItemDescription>
      <UnitQty>גרמים</UnitQty>
      <Quantity>110.00</Quantity>
      <bIsWeighted>0</bIsWeighted>
      <UnitOfMeasure>100 גרם</UnitOfMeasure>
      <QtyInPackage>1</QtyInPackage>
      <ItemPrice>15.50</ItemPrice>
      <UnitOfMeasurePrice>14.09</UnitOfMeasurePrice>
      <AllowDiscount>1</AllowDiscount>
      <ItemStatus>1</ItemStatus>
    </Item>
    <Item>
      <PriceUpdateDate>2025-06-06 05:55</PriceUpdateDate>
      <ItemCode>7622210638021</ItemCode>
      <ItemType>1</ItemType>
      <ItemName>אוראו ביס קראנצי ציפוי שוקולד 110 גרם</ItemName>
      <ManufacturerName>לא ידוע</ManufacturerName>
      <ManufactureCountry>ספרד</ManufactureCountry>
      <ManufacturerItemDescription>אוראו ביס קראנצי ציפ</ManufacturerItemDescription>
      <UnitQty>גרמים</UnitQty>
      <Quantity>110.00</Quantity>
      <bIsWeighted>0</bIsWeighted>
      <UnitOfMeasure>100 גרם</UnitOfMeasure>
      <QtyInPackage>1</QtyInPackage>
      <ItemPrice>15.50</ItemPrice>
      <UnitOfMeasurePrice>14.09</UnitOfMeasurePrice>
      <AllowDiscount>1</AllowDiscount>
      <ItemStatus>1</ItemStatus>
    </Item>
    <Item>
      <PriceUpdateDate>2025-06-06 05:56</PriceUpdateDate>
      <ItemCode>7622300270506</ItemCode>
      <ItemType>1</ItemType>
      <ItemName>עוגיות ש.שועל מצופות שוקולד 168 גר מילקה</ItemName>
      <ManufacturerName>לא ידוע</ManufacturerName>
      <ManufactureCountry>לא ידוע</ManufactureCountry>
      <ManufacturerItemDescription>עוגיות ש.שועל מצופות</ManufacturerItemDescription>
      <UnitQty>גרמים</UnitQty>
      <Quantity>168.00</Quantity>
      <bIsWeighted>0</bIsWeighted>
      <UnitOfMeasure>100 גרם</UnitOfMeasure>
      <QtyInPackage>1</QtyInPackage>
      <ItemPrice>17.90</ItemPrice>
      <UnitOfMeasurePrice>10.65</UnitOfMeasurePrice>
      <AllowDiscount>1</AllowDiscount>
      <ItemStatus>1</ItemStatus>
    </Item>
    <Item>
      <PriceUpdateDate>2025-01-14 08:31</PriceUpdateDate>
      <ItemCode>7622300340285</ItemCode>
      <ItemType>1</ItemType>
      <ItemName>גבינת פילדלפיה 22% 175 גר</ItemName>
      <ManufacturerName>לא ידוע</ManufacturerName>
      <ManufactureCountry>לא ידוע</ManufactureCountry>
      <ManufacturerItemDescription>גבינת פילדלפיה 22%  </ManufacturerItemDescription>
      <UnitQty>גרמים</UnitQty>
      <Quantity>175.00</Quantity>
      <bIsWeighted>0</bIsWeighted>
      <UnitOfMeasure>100 גרם</UnitOfMeasure>
      <QtyInPackage>1</QtyInPackage>
      <ItemPrice>19.90</ItemPrice>
      <UnitOfMeasurePrice>11.37</UnitOfMeasurePrice>
      <AllowDiscount>1</AllowDiscount>
      <ItemStatus>1</ItemStatus>
    </Item>
    <Item>
      <PriceUpdateDate>2025-01-14 08:31</PriceUpdateDate>
      <ItemCode>7622300340292</ItemCode>
      <ItemType>1</ItemType>
      <ItemName>גבינת פילדלפיה 11% 175 גר</ItemName>
      <ManufacturerName>לא ידוע</ManufacturerName>
      <ManufactureCountry>לא ידוע</ManufactureCountry>
      <ManufacturerItemDescription>גבינת פילדלפיה 11%  </ManufacturerItemDescription>
      <UnitQty>גרמים</UnitQty>
      <Quantity>175.00</Quantity>
      <bIsWeighted>0</bIsWeighted>
      <UnitOfMeasure>100 גרם</UnitOfMeasure>
      <QtyInPackage>1</QtyInPackage>
      <ItemPrice>19.90</ItemPrice>
      <UnitOfMeasurePrice>11.37</UnitOfMeasurePrice>
      <AllowDiscount>1</AllowDiscount>
      <ItemStatus>1</ItemStatus>
    </Item>
    <Item>
      <PriceUpdateDate>2025-06-06 05:57</PriceUpdateDate>
      <ItemCode>7622300356767</ItemCode>
      <ItemType>1</ItemType>
      <ItemName>עוגיות עם גרנולה ושוקולד 168 גר מילקה</ItemName>
      <ManufacturerName>לא ידוע</ManufacturerName>
      <ManufactureCountry>לא ידוע</ManufactureCountry>
      <ManufacturerItemDescription>עוגיות עם גרנולה ושו</ManufacturerItemDescription>
      <UnitQty>גרמים</UnitQty>
      <Quantity>168.00</Quantity>
      <bIsWeighted>0</bIsWeighted>
      <UnitOfMeasure>100 גרם</UnitOfMeasure>
      <QtyInPackage>1</QtyInPackage>
      <ItemPrice>17.90</ItemPrice>
      <UnitOfMeasurePrice>10.65</UnitOfMeasurePrice>
      <AllowDiscount>1</AllowDiscount>
      <ItemStatus>1</ItemStatus>
    </Item>
    <Item>
      <PriceUpdateDate>2025-06-06 05:57</PriceUpdateDate>
      <ItemCode>7622300489427</ItemCode>
      <ItemType>1</ItemType>
      <ItemName>אוראו פאג שוקולד לבן 246 גרם</ItemName>
      <ManufacturerName>לא ידוע</ManufacturerName>
      <ManufactureCountry>לא ידוע</ManufactureCountry>
      <ManufacturerItemDescription>אוראו פאג שוקולד לבן</ManufacturerItemDescription>
      <UnitQty>גרמים</UnitQty>
      <Quantity>246.00</Quantity>
      <bIsWeighted>0</bIsWeighted>
      <UnitOfMeasure>100 גרם</UnitOfMeasure>
      <QtyInPackage>1</QtyInPackage>
      <ItemPrice>25.90</ItemPrice>
      <UnitOfMeasurePrice>10.53</UnitOfMeasurePrice>
      <AllowDiscount>1</AllowDiscount>
      <ItemStatus>1</ItemStatus>
    </Item>
    <Item>
      <PriceUpdateDate>2024-07-14 17:21</PriceUpdateDate>
      <ItemCode>7622300498429</ItemCode>
      <ItemType>1</ItemType>
      <ItemName>שוקולד מילקה קרם תות 100 גרם</ItemName>
      <ManufacturerName>לא ידוע</ManufacturerName>
      <ManufactureCountry>לא ידוע</ManufactureCountry>
      <ManufacturerItemDescription>שוקולד מילקה קרם תות</ManufacturerItemDescription>
      <UnitQty>גרמים</UnitQty>
      <Quantity>100.00</Quantity>
      <bIsWeighted>0</bIsWeighted>
      <UnitOfMeasure>100 גרם</UnitOfMeasure>
      <QtyInPackage>1</QtyInPackage>
      <ItemPrice>9.90</ItemPrice>
      <UnitOfMeasurePrice>9.90</UnitOfMeasurePrice>
      <AllowDiscount>1</AllowDiscount>
      <ItemStatus>1</ItemStatus>
    </Item>
    <Item>
      <PriceUpdateDate>2025-06-06 05:57</PriceUpdateDate>
      <ItemCode>7622300503079</ItemCode>
      <ItemType>1</ItemType>
      <ItemName>ביסקוויט מצופה שוקולד חלב 200 גר מילקה</ItemName>
      <ManufacturerName>לא ידוע</ManufacturerName>
      <ManufactureCountry>לא ידוע</ManufactureCountry>
      <ManufacturerItemDescription>ביסקוויט מצופה שוקול</ManufacturerItemDescription>
      <UnitQty>גרמים</UnitQty>
      <Quantity>200.00</Quantity>
      <bIsWeighted>0</bIsWeighted>
      <UnitOfMeasure>100 גרם</UnitOfMeasure>
      <QtyInPackage>1</QtyInPackage>
      <ItemPrice>17.90</ItemPrice>
      <UnitOfMeasurePrice>8.95</UnitOfMeasurePrice>
      <AllowDiscount>1</AllowDiscount>
      <ItemStatus>1</ItemStatus>
    </Item>
    <Item>
      <PriceUpdateDate>2024-11-18 15:50</PriceUpdateDate>
      <ItemCode>7622300509606</ItemCode>
      <ItemType>1</ItemType>
      <ItemName>ברני עוגת ספוג במילוי קרם שוקולד 150 גרם</ItemName>
      <ManufacturerName>לא ידוע</ManufacturerName>
      <ManufactureCountry>פולין</ManufactureCountry>
      <ManufacturerItemDescription>ברני עוגת ספוג במילו</ManufacturerItemDescription>
      <UnitQty>גרמים</UnitQty>
      <Quantity>150.00</Quantity>
      <bIsWeighted>0</bIsWeighted>
      <UnitOfMeasure>100 גרם</UnitOfMeasure>
      <QtyInPackage>1</QtyInPackage>
      <ItemPrice>16.90</ItemPrice>
      <UnitOfMeasurePrice>11.27</UnitOfMeasurePrice>
      <AllowDiscount>1</AllowDiscount>
      <ItemStatus>1</ItemStatus>
    </Item>
    <Item>
      <PriceUpdateDate>2025-06-06 05:55</PriceUpdateDate>
      <ItemCode>7622300617820</ItemCode>
      <ItemType>1</ItemType>
      <ItemName>שוקולד מילקה אוראו 100 גרם</ItemName>
      <ManufacturerName>לא ידוע</ManufacturerName>
      <ManufactureCountry>לא ידוע</ManufactureCountry>
      <ManufacturerItemDescription>שוקולד מילקה אוראו 1</ManufacturerItemDescription>
      <UnitQty>גרמים</UnitQty>
      <Quantity>100.00</Quantity>
      <bIsWeighted>0</bIsWeighted>
      <UnitOfMeasure>100 גרם</UnitOfMeasure>
      <QtyInPackage>1</QtyInPackage>
      <ItemPrice>11.50</ItemPrice>
      <UnitOfMeasurePrice>11.50</UnitOfMeasurePrice>
      <AllowDiscount>1</AllowDiscount>
      <ItemStatus>1</ItemStatus>
    </Item>
    <Item>
      <PriceUpdateDate>2025-01-14 08:31</PriceUpdateDate>
      <ItemCode>7622300756413</ItemCode>
      <ItemType>1</ItemType>
      <ItemName>גבינת פילדלפיה 20% עם תבלינים 175 גר</ItemName>
      <ManufacturerName>לא ידוע</ManufacturerName>
      <ManufactureCountry>לא ידוע</ManufactureCountry>
      <ManufacturerItemDescription>גבינת פילדלפיה 20%  </ManufacturerItemDescription>
      <UnitQty>גרמים</UnitQty>
      <Quantity>175.00</Quantity>
      <bIsWeighted>0</bIsWeighted>
      <UnitOfMeasure>100 גרם</UnitOfMeasure>
      <QtyInPackage>1</QtyInPackage>
      <ItemPrice>19.90</ItemPrice>
      <UnitOfMeasurePrice>11.37</UnitOfMeasurePrice>
      <AllowDiscount>1</AllowDiscount>
      <ItemStatus>1</ItemStatus>
    </Item>
    <Item>
      <PriceUpdateDate>2025-01-30 07:57</PriceUpdateDate>
      <ItemCode>7630311506934</ItemCode>
      <ItemType>1</ItemType>
      <ItemName>קפסולות סטארבקס סאני דיי 56 גר</ItemName>
      <ManufacturerName>לא ידוע</ManufacturerName>
      <ManufactureCountry>שוויץ</ManufactureCountry>
      <ManufacturerItemDescription>קפסולות סטארבקס סאני</ManufacturerItemDescription>
      <UnitQty>גרמים</UnitQty>
      <Quantity>56.00</Quantity>
      <bIsWeighted>0</bIsWeighted>
      <UnitOfMeasure>100 גרם</UnitOfMeasure>
      <QtyInPackage>1</QtyInPackage>
      <ItemPrice>24.90</ItemPrice>
      <UnitOfMeasurePrice>44.46</UnitOfMeasurePrice>
      <AllowDiscount>1</AllowDiscount>
      <ItemStatus>1</ItemStatus>
    </Item>
    <Item>
      <PriceUpdateDate>2024-07-14 14:36</PriceUpdateDate>
      <ItemCode>7655</ItemCode>
      <ItemType>1</ItemType>
      <ItemName>חלה צימוקים</ItemName>
      <ManufacturerName>לא ידוע</ManufacturerName>
      <ManufactureCountry />
      <ManufacturerItemDescription>חלה צימוקים         </ManufacturerItemDescription>
      <UnitQty>Unknown</UnitQty>
      <Quantity>0.00</Quantity>
      <bIsWeighted>0</bIsWeighted>
      <UnitOfMeasure>Unknown</UnitOfMeasure>
      <QtyInPackage>1</QtyInPackage>
      <ItemPrice>12.90</ItemPrice>
      <UnitOfMeasurePrice>12.90</UnitOfMeasurePrice>
      <AllowDiscount>1</AllowDiscount>
      <ItemStatus>1</ItemStatus>
    </Item>
    <Item>
      <PriceUpdateDate>2024-11-21 16:57</PriceUpdateDate>
      <ItemCode>76840002542</ItemCode>
      <ItemType>1</ItemType>
      <ItemName>פיינט נטפליקס &amp; צילד 424 גרם</ItemName>
      <ManufacturerName>לא ידוע</ManufacturerName>
      <ManufactureCountry>ארה"ב</ManufactureCountry>
      <ManufacturerItemDescription>גלידה נטפליקס &amp; צילד</ManufacturerItemDescription>
      <UnitQty>גרמים</UnitQty>
      <Quantity>424.00</Quantity>
      <bIsWeighted>0</bIsWeighted>
      <UnitOfMeasure>100 גרם</UnitOfMeasure>
      <QtyInPackage>1</QtyInPackage>
      <ItemPrice>29.90</ItemPrice>
      <UnitOfMeasurePrice>7.05</UnitOfMeasurePrice>
      <AllowDiscount>1</AllowDiscount>
      <ItemStatus>1</ItemStatus>
    </Item>
    <Item>
      <PriceUpdateDate>2024-11-25 13:39</PriceUpdateDate>
      <ItemCode>76840100156</ItemCode>
      <ItemType>1</ItemType>
      <ItemName>בן אנד גריס גלידת צרי גרסיה 500 מ"ל</ItemName>
      <ManufacturerName>לא ידוע</ManufacturerName>
      <ManufactureCountry>ארצות הברית</ManufactureCountry>
      <ManufacturerItemDescription>גלידת צרי גרסיה בן  </ManufacturerItemDescription>
      <UnitQty>גרמים</UnitQty>
      <Quantity>441.00</Quantity>
      <bIsWeighted>0</bIsWeighted>
      <UnitOfMeasure>100 גרם</UnitOfMeasure>
      <QtyInPackage>1</QtyInPackage>
      <ItemPrice>29.90</ItemPrice>
      <UnitOfMeasurePrice>6.78</UnitOfMeasurePrice>
      <AllowDiscount>1</AllowDiscount>
      <ItemStatus>1</ItemStatus>
    </Item>
    <Item>
      <PriceUpdateDate>2024-11-21 16:57</PriceUpdateDate>
      <ItemCode>76840100583</ItemCode>
      <ItemType>1</ItemType>
      <ItemName>גלידת בן &amp; גריס בצק עוגיות 500 מל</ItemName>
      <ManufacturerName>לא ידוע</ManufacturerName>
      <ManufactureCountry>לא ידוע</ManufactureCountry>
      <ManufacturerItemDescription>גלידת בן &amp; גריס בצק </ManufacturerItemDescription>
      <UnitQty>גרמים</UnitQty>
      <Quantity>500.00</Quantity>
      <bIsWeighted>0</bIsWeighted>
      <UnitOfMeasure>100 גרם</UnitOfMeasure>
      <QtyInPackage>1</QtyInPackage>
      <ItemPrice>29.90</ItemPrice>
      <UnitOfMeasurePrice>5.98</UnitOfMeasurePrice>
      <AllowDiscount>1</AllowDiscount>
      <ItemStatus>1</ItemStatus>
    </Item>
    <Item>
      <PriceUpdateDate>2024-11-21 16:57</PriceUpdateDate>
      <ItemCode>768404001640</ItemCode>
      <ItemType>1</ItemType>
      <ItemName>בן אנד גריס בטעם קפה 500 מ"ל</ItemName>
      <ManufacturerName>לא ידוע</ManufacturerName>
      <ManufactureCountry>לא ידוע</ManufactureCountry>
      <ManufacturerItemDescription>בן אנד גריס בטעם קפה</ManufacturerItemDescription>
      <UnitQty>מיליליטרים</UnitQty>
      <Quantity>500.00</Quantity>
      <bIsWeighted>0</bIsWeighted>
      <UnitOfMeasure>100 מ"ל</UnitOfMeasure>
      <QtyInPackage>1</QtyInPackage>
      <ItemPrice>29.90</ItemPrice>
      <UnitOfMeasurePrice>5.98</UnitOfMeasurePrice>
      <AllowDiscount>1</AllowDiscount>
      <ItemStatus>1</ItemStatus>
    </Item>
    <Item>
      <PriceUpdateDate>2024-11-21 16:57</PriceUpdateDate>
      <ItemCode>76840400218</ItemCode>
      <ItemType>1</ItemType>
      <ItemName>גלידת בן &amp; גריס עוגת גבינה ותות 473 מל</ItemName>
      <ManufacturerName>לא ידוע</ManufacturerName>
      <ManufactureCountry>לא ידוע</ManufactureCountry>
      <ManufacturerItemDescription>גלידת בן &amp; גריס עוגת</ManufacturerItemDescription>
      <UnitQty>מיליליטרים</UnitQty>
      <Quantity>473.00</Quantity>
      <bIsWeighted>0</bIsWeighted>
      <UnitOfMeasure>100 מ"ל</UnitOfMeasure>
      <QtyInPackage>1</QtyInPackage>
      <ItemPrice>29.90</ItemPrice>
      <UnitOfMeasurePrice>6.32</UnitOfMeasurePrice>
      <AllowDiscount>1</AllowDiscount>
      <ItemStatus>1</ItemStatus>
    </Item>
    <Item>
      <PriceUpdateDate>2025-01-30 07:58</PriceUpdateDate>
      <ItemCode>769904000997</ItemCode>
      <ItemType>1</ItemType>
      <ItemName>שקדי מרק דגש  200 גרם</ItemName>
      <ManufacturerName>לא ידוע</ManufacturerName>
      <ManufactureCountry>לא ידוע</ManufactureCountry>
      <ManufacturerItemDescription>שקדי מרק דג"ש  200 ג</ManufacturerItemDescription>
      <UnitQty>גרמים</UnitQty>
      <Quantity>200.00</Quantity>
      <bIsWeighted>0</bIsWeighted>
      <UnitOfMeasure>100 גרם</UnitOfMeasure>
      <QtyInPackage>1</QtyInPackage>
      <ItemPrice>18.90</ItemPrice>
      <UnitOfMeasurePrice>9.45</UnitOfMeasurePrice>
      <AllowDiscount>1</AllowDiscount>
      <ItemStatus>1</ItemStatus>
    </Item>
    <Item>
      <PriceUpdateDate>2023-01-12 17:48</PriceUpdateDate>
      <ItemCode>7702024074625</ItemCode>
      <ItemType>1</ItemType>
      <ItemName>חטיפי קרקר חיטה מלאה פיטנס 234 גרם</ItemName>
      <ManufacturerName>לא ידוע</ManufacturerName>
      <ManufactureCountry>קולומביה</ManufactureCountry>
      <ManufacturerItemDescription>חטיפי קרקר חיטה מלאה</ManufacturerItemDescription>
      <UnitQty>גרמים</UnitQty>
      <Quantity>234.00</Quantity>
      <bIsWeighted>0</bIsWeighted>
      <UnitOfMeasure>100 גרם</UnitOfMeasure>
      <QtyInPackage>1</QtyInPackage>
      <ItemPrice>14.90</ItemPrice>
      <UnitOfMeasurePrice>6.37</UnitOfMeasurePrice>
      <AllowDiscount>1</AllowDiscount>
      <ItemStatus>1</ItemStatus>
    </Item>
    <Item>
      <PriceUpdateDate>2025-03-11 15:19</PriceUpdateDate>
      <ItemCode>77245110610</ItemCode>
      <ItemType>1</ItemType>
      <ItemName>סוכריות מאסט מנטה ללא סוכר 80 גר</ItemName>
      <ManufacturerName>לא ידוע</ManufacturerName>
      <ManufactureCountry>פולין</ManufactureCountry>
      <ManufacturerItemDescription>סוכריות מאסט לל"ס מנ</ManufacturerItemDescription>
      <UnitQty>Unknown</UnitQty>
      <Quantity>80.00</Quantity>
      <bIsWeighted>0</bIsWeighted>
      <UnitOfMeasure>Unknown</UnitOfMeasure>
      <QtyInPackage>1</QtyInPackage>
      <ItemPrice>13.50</ItemPrice>
      <UnitOfMeasurePrice>0.17</UnitOfMeasurePrice>
      <AllowDiscount>1</AllowDiscount>
      <ItemStatus>1</ItemStatus>
    </Item>
    <Item>
      <PriceUpdateDate>2024-07-07 17:49</PriceUpdateDate>
      <ItemCode>7790240020052</ItemCode>
      <ItemType>1</ItemType>
      <ItemName>יין אדום טרפיצה סירה סדרת OAK CASK</ItemName>
      <ManufacturerName>לא ידוע</ManufacturerName>
      <ManufactureCountry>לא ידוע</ManufactureCountry>
      <ManufacturerItemDescription>יין אדום טרפיצה סירה</ManufacturerItemDescription>
      <UnitQty>Unknown</UnitQty>
      <Quantity>0.00</Quantity>
      <bIsWeighted>0</bIsWeighted>
      <UnitOfMeasure>Unknown</UnitOfMeasure>
      <QtyInPackage>1</QtyInPackage>
      <ItemPrice>65.90</ItemPrice>
      <UnitOfMeasurePrice>65.90</UnitOfMeasurePrice>
      <AllowDiscount>1</AllowDiscount>
      <ItemStatus>1</ItemStatus>
    </Item>
    <Item>
      <PriceUpdateDate>2024-07-07 17:48</PriceUpdateDate>
      <ItemCode>7790240072785</ItemCode>
      <ItemType>1</ItemType>
      <ItemName>יין אדום טרפיצה קברנה סובניון OAK CASK</ItemName>
      <ManufacturerName>לא ידוע</ManufacturerName>
      <ManufactureCountry>לא ידוע</ManufactureCountry>
      <ManufacturerItemDescription>יין אדום טרפיצה קברנ</ManufacturerItemDescription>
      <UnitQty>Unknown</UnitQty>
      <Quantity>0.00</Quantity>
      <bIsWeighted>0</bIsWeighted>
      <UnitOfMeasure>Unknown</UnitOfMeasure>
      <QtyInPackage>1</QtyInPackage>
      <ItemPrice>65.90</ItemPrice>
      <UnitOfMeasurePrice>65.90</UnitOfMeasurePrice>
      <AllowDiscount>1</AllowDiscount>
      <ItemStatus>1</ItemStatus>
    </Item>
    <Item>
      <PriceUpdateDate>2024-07-07 17:48</PriceUpdateDate>
      <ItemCode>7790240072792</ItemCode>
      <ItemType>1</ItemType>
      <ItemName>טרפיצה Oak Cask שרדונה 750 מל</ItemName>
      <ManufacturerName>לא ידוע</ManufacturerName>
      <ManufactureCountry>לא ידוע</ManufactureCountry>
      <ManufacturerItemDescription>טרפיצה Oak Cask שרדו</ManufacturerItemDescription>
      <UnitQty>Unknown</UnitQty>
      <Quantity>0.00</Quantity>
      <bIsWeighted>0</bIsWeighted>
      <UnitOfMeasure>Unknown</UnitOfMeasure>
      <QtyInPackage>1</QtyInPackage>
      <ItemPrice>65.90</ItemPrice>
      <UnitOfMeasurePrice>65.90</UnitOfMeasurePrice>
      <AllowDiscount>1</AllowDiscount>
      <ItemStatus>1</ItemStatus>
    </Item>
    <Item>
      <PriceUpdateDate>2024-07-07 16:47</PriceUpdateDate>
      <ItemCode>7790240072808</ItemCode>
      <ItemType>1</ItemType>
      <ItemName>יין אדום טרפיצה מלבק סדרת OAK CASK</ItemName>
      <ManufacturerName>לא ידוע</ManufacturerName>
      <ManufactureCountry>לא ידוע</ManufactureCountry>
      <ManufacturerItemDescription>יין אדום טרפיצה מלבק</ManufacturerItemDescription>
      <UnitQty>Unknown</UnitQty>
      <Quantity>0.00</Quantity>
      <bIsWeighted>0</bIsWeighted>
      <UnitOfMeasure>Unknown</UnitOfMeasure>
      <QtyInPackage>1</QtyInPackage>
      <ItemPrice>65.90</ItemPrice>
      <UnitOfMeasurePrice>65.90</UnitOfMeasurePrice>
      <AllowDiscount>1</AllowDiscount>
      <ItemStatus>1</ItemStatus>
    </Item>
    <Item>
      <PriceUpdateDate>2025-01-15 10:18</PriceUpdateDate>
      <ItemCode>7790240090154</ItemCode>
      <ItemType>1</ItemType>
      <ItemName>יין טרפיצה ברוקל מלבק  750 מל</ItemName>
      <ManufacturerName>לא ידוע</ManufacturerName>
      <ManufactureCountry>לא ידוע</ManufactureCountry>
      <ManufacturerItemDescription>יין טרפיצה ברוקל מלב</ManufacturerItemDescription>
      <UnitQty>Unknown</UnitQty>
      <Quantity>0.00</Quantity>
      <bIsWeighted>0</bIsWeighted>
      <UnitOfMeasure>Unknown</UnitOfMeasure>
      <QtyInPackage>1</QtyInPackage>
      <ItemPrice>79.90</ItemPrice>
      <UnitOfMeasurePrice>79.90</UnitOfMeasurePrice>
      <AllowDiscount>1</AllowDiscount>
      <ItemStatus>1</ItemStatus>
    </Item>
    <Item>
      <PriceUpdateDate>2025-01-15 10:18</PriceUpdateDate>
      <ItemCode>7790240090192</ItemCode>
      <ItemType>1</ItemType>
      <ItemName>יין טרפיצה ברוקל קברנה סובניון  750 מל</ItemName>
      <ManufacturerName>לא ידוע</ManufacturerName>
      <ManufactureCountry>לא ידוע</ManufactureCountry>
      <ManufacturerItemDescription>יין טרפיצה ברוקל קבר</ManufacturerItemDescription>
      <UnitQty>Unknown</UnitQty>
      <Quantity>0.00</Quantity>
      <bIsWeighted>0</bIsWeighted>
      <UnitOfMeasure>Unknown</UnitOfMeasure>
      <QtyInPackage>1</QtyInPackage>
      <ItemPrice>79.90</ItemPrice>
      <UnitOfMeasurePrice>79.90</UnitOfMeasurePrice>
      <AllowDiscount>1</AllowDiscount>
      <ItemStatus>1</ItemStatus>
    </Item>
    <Item>
      <PriceUpdateDate>2025-01-15 10:17</PriceUpdateDate>
      <ItemCode>7790240092240</ItemCode>
      <ItemType>1</ItemType>
      <ItemName>יין טרפיצה ברוקל קברנה פרנק 750 מל</ItemName>
      <ManufacturerName>לא ידוע</ManufacturerName>
      <ManufactureCountry>לא ידוע</ManufactureCountry>
      <ManufacturerItemDescription>יין טרפיצה ברוקל קבר</ManufacturerItemDescription>
      <UnitQty>Unknown</UnitQty>
      <Quantity>0.00</Quantity>
      <bIsWeighted>0</bIsWeighted>
      <UnitOfMeasure>Unknown</UnitOfMeasure>
      <QtyInPackage>1</QtyInPackage>
      <ItemPrice>79.90</ItemPrice>
      <UnitOfMeasurePrice>79.90</UnitOfMeasurePrice>
      <AllowDiscount>1</AllowDiscount>
      <ItemStatus>1</ItemStatus>
    </Item>
    <Item>
      <PriceUpdateDate>2024-07-07 17:49</PriceUpdateDate>
      <ItemCode>7790240094442</ItemCode>
      <ItemType>1</ItemType>
      <ItemName>יין טרפיצה פיור מלבק 750 מ"ל</ItemName>
      <ManufacturerName>לא ידוע</ManufacturerName>
      <ManufactureCountry>AR</ManufactureCountry>
      <ManufacturerItemDescription>יין טרפיצה פיור מלבק</ManufacturerItemDescription>
      <UnitQty>מיליליטרים</UnitQty>
      <Quantity>750.00</Quantity>
      <bIsWeighted>0</bIsWeighted>
      <UnitOfMeasure>100 מ"ל</UnitOfMeasure>
      <QtyInPackage>1</QtyInPackage>
      <ItemPrice>65.90</ItemPrice>
      <UnitOfMeasurePrice>8.79</UnitOfMeasurePrice>
      <AllowDiscount>1</AllowDiscount>
      <ItemStatus>1</ItemStatus>
    </Item>
    <Item>
      <PriceUpdateDate>2024-07-07 17:48</PriceUpdateDate>
      <ItemCode>7790240096675</ItemCode>
      <ItemType>1</ItemType>
      <ItemName>יין פיור סוביניון בלאן750 מ"ל</ItemName>
      <ManufacturerName>לא ידוע</ManufacturerName>
      <ManufactureCountry>AR</ManufactureCountry>
      <ManufacturerItemDescription>יין פיור סוביניון בל</ManufacturerItemDescription>
      <UnitQty>מיליליטרים</UnitQty>
      <Quantity>750.00</Quantity>
      <bIsWeighted>0</bIsWeighted>
      <UnitOfMeasure>100 מ"ל</UnitOfMeasure>
      <QtyInPackage>1</QtyInPackage>
      <ItemPrice>65.90</ItemPrice>
      <UnitOfMeasurePrice>8.79</UnitOfMeasurePrice>
      <AllowDiscount>1</AllowDiscount>
      <ItemStatus>1</ItemStatus>
    </Item>
    <Item>
      <PriceUpdateDate>2024-06-22 18:32</PriceUpdateDate>
      <ItemCode>7790240096866</ItemCode>
      <ItemType>1</ItemType>
      <ItemName>יין פיור מלבק שחור 750 מ"ל</ItemName>
      <ManufacturerName>לא ידוע</ManufacturerName>
      <ManufactureCountry>AR</ManufactureCountry>
      <ManufacturerItemDescription>יין פיור מלבק שחור 7</ManufacturerItemDescription>
      <UnitQty>מיליליטרים</UnitQty>
      <Quantity>750.00</Quantity>
      <bIsWeighted>0</bIsWeighted>
      <UnitOfMeasure>100 מ"ל</UnitOfMeasure>
      <QtyInPackage>1</QtyInPackage>
      <ItemPrice>65.90</ItemPrice>
      <UnitOfMeasurePrice>8.79</UnitOfMeasurePrice>
      <AllowDiscount>1</AllowDiscount>
      <ItemStatus>1</ItemStatus>
    </Item>
    <Item>
      <PriceUpdateDate>2025-06-30 09:08</PriceUpdateDate>
      <ItemCode>7790742140609</ItemCode>
      <ItemType>1</ItemType>
      <ItemName>ריבת חלב לה סרניסימה  400 גר</ItemName>
      <ManufacturerName>מסטלונה הרמנוס</ManufacturerName>
      <ManufactureCountry>AR</ManufactureCountry>
      <ManufacturerItemDescription>ריבת חלב לה סרניסימה</ManufacturerItemDescription>
      <UnitQty>גרמים</UnitQty>
      <Quantity>400.00</Quantity>
      <bIsWeighted>0</bIsWeighted>
      <UnitOfMeasure>100 גרם</UnitOfMeasure>
      <QtyInPackage>1</QtyInPackage>
      <ItemPrice>23.90</ItemPrice>
      <UnitOfMeasurePrice>5.98</UnitOfMeasurePrice>
      <AllowDiscount>1</AllowDiscount>
      <ItemStatus>1</ItemStatus>
    </Item>
    <Item>
      <PriceUpdateDate>2024-07-07 17:49</PriceUpdateDate>
      <ItemCode>7790762000693</ItemCode>
      <ItemType>1</ItemType>
      <ItemName>סנטה אנה שרדונה 750 מל</ItemName>
      <ManufacturerName>לא ידוע</ManufacturerName>
      <ManufactureCountry>לא ידוע</ManufactureCountry>
      <ManufacturerItemDescription>סנטה אנה שרדונה 750 </ManufacturerItemDescription>
      <UnitQty>Unknown</UnitQty>
      <Quantity>0.00</Quantity>
      <bIsWeighted>0</bIsWeighted>
      <UnitOfMeasure>Unknown</UnitOfMeasure>
      <QtyInPackage>1</QtyInPackage>
      <ItemPrice>38.90</ItemPrice>
      <UnitOfMeasurePrice>38.90</UnitOfMeasurePrice>
      <AllowDiscount>1</AllowDiscount>
      <ItemStatus>1</ItemStatus>
    </Item>
    <Item>
      <PriceUpdateDate>2024-07-07 17:48</PriceUpdateDate>
      <ItemCode>7790762001348</ItemCode>
      <ItemType>1</ItemType>
      <ItemName>סנטה אנה מלבק 750 מל</ItemName>
      <ManufacturerName>לא ידוע</ManufacturerName>
      <ManufactureCountry>לא ידוע</ManufactureCountry>
      <ManufacturerItemDescription>סנטה אנה מלבק 750 מל</ManufacturerItemDescription>
      <UnitQty>Unknown</UnitQty>
      <Quantity>0.00</Quantity>
      <bIsWeighted>0</bIsWeighted>
      <UnitOfMeasure>Unknown</UnitOfMeasure>
      <QtyInPackage>1</QtyInPackage>
      <ItemPrice>38.90</ItemPrice>
      <UnitOfMeasurePrice>38.90</UnitOfMeasurePrice>
      <AllowDiscount>1</AllowDiscount>
      <ItemStatus>1</ItemStatus>
    </Item>
    <Item>
      <PriceUpdateDate>2025-01-15 10:17</PriceUpdateDate>
      <ItemCode>7790762008453</ItemCode>
      <ItemType>1</ItemType>
      <ItemName>סנטה אנה רזרב מלבק 750 מל</ItemName>
      <ManufacturerName>לא ידוע</ManufacturerName>
      <ManufactureCountry>לא ידוע</ManufactureCountry>
      <ManufacturerItemDescription>סנטה אנה רזרב מלבק  </ManufacturerItemDescription>
      <UnitQty>Unknown</UnitQty>
      <Quantity>0.00</Quantity>
      <bIsWeighted>0</bIsWeighted>
      <UnitOfMeasure>Unknown</UnitOfMeasure>
      <QtyInPackage>1</QtyInPackage>
      <ItemPrice>54.90</ItemPrice>
      <UnitOfMeasurePrice>54.90</UnitOfMeasurePrice>
      <AllowDiscount>1</AllowDiscount>
      <ItemStatus>1</ItemStatus>
    </Item>
    <Item>
      <PriceUpdateDate>2025-01-15 10:18</PriceUpdateDate>
      <ItemCode>7790762052494</ItemCode>
      <ItemType>1</ItemType>
      <ItemName>יין גראן מסקוטה מלבק 750 מ"ל</ItemName>
      <ManufacturerName>לא ידוע</ManufacturerName>
      <ManufactureCountry>לא ידוע</ManufactureCountry>
      <ManufacturerItemDescription>יין גראן מסקוטה מלבק</ManufacturerItemDescription>
      <UnitQty>Unknown</UnitQty>
      <Quantity>0.00</Quantity>
      <bIsWeighted>0</bIsWeighted>
      <UnitOfMeasure>Unknown</UnitOfMeasure>
      <QtyInPackage>1</QtyInPackage>
      <ItemPrice>109.90</ItemPrice>
      <UnitOfMeasurePrice>109.90</UnitOfMeasurePrice>
      <AllowDiscount>1</AllowDiscount>
      <ItemStatus>1</ItemStatus>
    </Item>
    <Item>
      <PriceUpdateDate>2025-01-15 10:18</PriceUpdateDate>
      <ItemCode>7790762053255</ItemCode>
      <ItemType>1</ItemType>
      <ItemName>יין גראן מסקוטה קברנה סוביניון 750 מל</ItemName>
      <ManufacturerName>לא ידוע</ManufacturerName>
      <ManufactureCountry>לא ידוע</ManufactureCountry>
      <ManufacturerItemDescription>יין גראן מסקוטה קברנ</ManufacturerItemDescription>
      <UnitQty>Unknown</UnitQty>
      <Quantity>0.00</Quantity>
      <bIsWeighted>0</bIsWeighted>
      <UnitOfMeasure>Unknown</UnitOfMeasure>
      <QtyInPackage>1</QtyInPackage>
      <ItemPrice>109.90</ItemPrice>
      <UnitOfMeasurePrice>109.90</UnitOfMeasurePrice>
      <AllowDiscount>1</AllowDiscount>
      <ItemStatus>1</ItemStatus>
    </Item>
    <Item>
      <PriceUpdateDate>2024-07-07 17:48</PriceUpdateDate>
      <ItemCode>7790762076773</ItemCode>
      <ItemType>1</ItemType>
      <ItemName>סנטה אנה סובניון בלאן 750 מל</ItemName>
      <ManufacturerName>לא ידוע</ManufacturerName>
      <ManufactureCountry>לא ידוע</ManufactureCountry>
      <ManufacturerItemDescription>סנטה אנה סובניון בלא</ManufacturerItemDescription>
      <UnitQty>Unknown</UnitQty>
      <Quantity>0.00</Quantity>
      <bIsWeighted>0</bIsWeighted>
      <UnitOfMeasure>Unknown</UnitOfMeasure>
      <QtyInPackage>1</QtyInPackage>
      <ItemPrice>38.90</ItemPrice>
      <UnitOfMeasurePrice>38.90</UnitOfMeasurePrice>
      <AllowDiscount>1</AllowDiscount>
      <ItemStatus>1</ItemStatus>
    </Item>
    <Item>
      <PriceUpdateDate>2024-12-01 15:06</PriceUpdateDate>
      <ItemCode>7792860006218</ItemCode>
      <ItemType>1</ItemType>
      <ItemName>בייבי דול לקקן 24 גרם</ItemName>
      <ManufacturerName>לא ידוע</ManufacturerName>
      <ManufactureCountry>לא ידוע</ManufactureCountry>
      <ManufacturerItemDescription>לקקן בייבי דול 24 גר</ManufacturerItemDescription>
      <UnitQty>גרמים</UnitQty>
      <Quantity>24.00</Quantity>
      <bIsWeighted>0</bIsWeighted>
      <UnitOfMeasure>100 גרם</UnitOfMeasure>
      <QtyInPackage>1</QtyInPackage>
      <ItemPrice>2.30</ItemPrice>
      <UnitOfMeasurePrice>9.58</UnitOfMeasurePrice>
      <AllowDiscount>1</AllowDiscount>
      <ItemStatus>1</ItemStatus>
    </Item>
    <Item>
      <PriceUpdateDate>2024-01-18 18:43</PriceUpdateDate>
      <ItemCode>77975094624</ItemCode>
      <ItemType>1</ItemType>
      <ItemName>סניידרס שברי בייגלה חמאת בוטנים 270 גר</ItemName>
      <ManufacturerName>לא ידוע</ManufacturerName>
      <ManufactureCountry />
      <ManufacturerItemDescription>סניידרס שברי בייגלה </ManufacturerItemDescription>
      <UnitQty>גרמים</UnitQty>
      <Quantity>270.00</Quantity>
      <bIsWeighted>0</bIsWeighted>
      <UnitOfMeasure>100 גרם</UnitOfMeasure>
      <QtyInPackage>1</QtyInPackage>
      <ItemPrice>19.90</ItemPrice>
      <UnitOfMeasurePrice>7.37</UnitOfMeasurePrice>
      <AllowDiscount>1</AllowDiscount>
      <ItemStatus>1</ItemStatus>
    </Item>
    <Item>
      <PriceUpdateDate>2023-05-02 13:06</PriceUpdateDate>
      <ItemCode>77975095157</ItemCode>
      <ItemType>1</ItemType>
      <ItemName>שברי בייגלה סניידרס חלפיניו 318 גר</ItemName>
      <ManufacturerName>לא ידוע</ManufacturerName>
      <ManufactureCountry>ארה"ב</ManufactureCountry>
      <ManufacturerItemDescription>שברי בייגלה סניידרס </ManufacturerItemDescription>
      <UnitQty>גרמים</UnitQty>
      <Quantity>318.00</Quantity>
      <bIsWeighted>0</bIsWeighted>
      <UnitOfMeasure>100 גרם</UnitOfMeasure>
      <QtyInPackage>1</QtyInPackage>
      <ItemPrice>19.90</ItemPrice>
      <UnitOfMeasurePrice>6.26</UnitOfMeasurePrice>
      <AllowDiscount>1</AllowDiscount>
      <ItemStatus>1</ItemStatus>
    </Item>
    <Item>
      <PriceUpdateDate>2024-01-08 11:26</PriceUpdateDate>
      <ItemCode>77975095263</ItemCode>
      <ItemType>1</ItemType>
      <ItemName>שברי בייגלה סניידרס בטעם צידר 319 גר</ItemName>
      <ManufacturerName>לא ידוע</ManufacturerName>
      <ManufactureCountry>ארה"ב</ManufactureCountry>
      <ManufacturerItemDescription>שברי בייגלה סניידרס </ManufacturerItemDescription>
      <UnitQty>גרמים</UnitQty>
      <Quantity>319.00</Quantity>
      <bIsWeighted>0</bIsWeighted>
      <UnitOfMeasure>100 גרם</UnitOfMeasure>
      <QtyInPackage>1</QtyInPackage>
      <ItemPrice>19.90</ItemPrice>
      <UnitOfMeasurePrice>6.24</UnitOfMeasurePrice>
      <AllowDiscount>1</AllowDiscount>
      <ItemStatus>1</ItemStatus>
    </Item>
    <Item>
      <PriceUpdateDate>2024-01-18 18:41</PriceUpdateDate>
      <ItemCode>77975095270</ItemCode>
      <ItemType>1</ItemType>
      <ItemName>שברי בייגלה סניידרס בטעם דבש חרדל 319 גר</ItemName>
      <ManufacturerName>לא ידוע</ManufacturerName>
      <ManufactureCountry>ארה"ב</ManufactureCountry>
      <ManufacturerItemDescription>שברי בייגלה סניידרס </ManufacturerItemDescription>
      <UnitQty>גרמים</UnitQty>
      <Quantity>319.00</Quantity>
      <bIsWeighted>0</bIsWeighted>
      <UnitOfMeasure>100 גרם</UnitOfMeasure>
      <QtyInPackage>1</QtyInPackage>
      <ItemPrice>19.90</ItemPrice>
      <UnitOfMeasurePrice>6.24</UnitOfMeasurePrice>
      <AllowDiscount>1</AllowDiscount>
      <ItemStatus>1</ItemStatus>
    </Item>
    <Item>
      <PriceUpdateDate>2025-08-24 15:55</PriceUpdateDate>
      <ItemCode>793150696536</ItemCode>
      <ItemType>1</ItemType>
      <ItemName>ביף גרקי קלאסי - בשר בקר מיובש</ItemName>
      <ManufacturerName>לא ידוע</ManufacturerName>
      <ManufactureCountry />
      <ManufacturerItemDescription>ביף גרקי ברביקיו    </ManufacturerItemDescription>
      <UnitQty>גרמים</UnitQty>
      <Quantity>60.00</Quantity>
      <bIsWeighted>0</bIsWeighted>
      <UnitOfMeasure>100 גרם</UnitOfMeasure>
      <QtyInPackage>1</QtyInPackage>
      <ItemPrice>39.90</ItemPrice>
      <UnitOfMeasurePrice>66.50</UnitOfMeasurePrice>
      <AllowDiscount>1</AllowDiscount>
      <ItemStatus>1</ItemStatus>
    </Item>
    <Item>
      <PriceUpdateDate>2024-07-17 08:32</PriceUpdateDate>
      <ItemCode>8000037002246</ItemCode>
      <ItemType>1</ItemType>
      <ItemName>ואל דוקה, פרוסקו רוזה 750 מ"ל</ItemName>
      <ManufacturerName>לא ידוע</ManufacturerName>
      <ManufactureCountry />
      <ManufacturerItemDescription>ואל דוקה, פרוסקו רוז</ManufacturerItemDescription>
      <UnitQty>מיליליטרים</UnitQty>
      <Quantity>750.00</Quantity>
      <bIsWeighted>0</bIsWeighted>
      <UnitOfMeasure>100 מ"ל</UnitOfMeasure>
      <QtyInPackage>1</QtyInPackage>
      <ItemPrice>63.90</ItemPrice>
      <UnitOfMeasurePrice>8.52</UnitOfMeasurePrice>
      <AllowDiscount>1</AllowDiscount>
      <ItemStatus>1</ItemStatus>
    </Item>
    <Item>
      <PriceUpdateDate>2025-03-11 08:24</PriceUpdateDate>
      <ItemCode>8000040000802</ItemCode>
      <ItemType>1</ItemType>
      <ItemName>קמפרי 1 ליטר</ItemName>
      <ManufacturerName>לא ידוע</ManufacturerName>
      <ManufactureCountry>לא ידוע</ManufactureCountry>
      <ManufacturerItemDescription>קמפרי 1 ליטר        </ManufacturerItemDescription>
      <UnitQty>מיליליטרים</UnitQty>
      <Quantity>1000.00</Quantity>
      <bIsWeighted>0</bIsWeighted>
      <UnitOfMeasure>100 מ"ל</UnitOfMeasure>
      <QtyInPackage>1</QtyInPackage>
      <ItemPrice>115.90</ItemPrice>
      <UnitOfMeasurePrice>11.59</UnitOfMeasurePrice>
      <AllowDiscount>1</AllowDiscount>
      <ItemStatus>1</ItemStatus>
    </Item>
    <Item>
      <PriceUpdateDate>2025-10-06 08:06</PriceUpdateDate>
      <ItemCode>8000070012783</ItemCode>
      <ItemType>1</ItemType>
      <ItemName>קפה לוואצה קלוי וטחון חוזק 5 אורו 250 גר</ItemName>
      <ManufacturerName>לא ידוע</ManufacturerName>
      <ManufactureCountry>IT</ManufactureCountry>
      <ManufacturerItemDescription>קפה לוואצה קלוי וטחו</ManufacturerItemDescription>
      <UnitQty>גרמים</UnitQty>
      <Quantity>250.00</Quantity>
      <bIsWeighted>0</bIsWeighted>
      <UnitOfMeasure>100 גרם</UnitOfMeasure>
      <QtyInPackage>1</QtyInPackage>
      <ItemPrice>57.90</ItemPrice>
      <UnitOfMeasurePrice>23.16</UnitOfMeasurePrice>
      <AllowDiscount>1</AllowDiscount>
      <ItemStatus>1</ItemStatus>
    </Item>
    <Item>
      <PriceUpdateDate>2025-10-03 12:37</PriceUpdateDate>
      <ItemCode>8000070024441</ItemCode>
      <ItemType>1</ItemType>
      <ItemName>פולי קפה לוואצה קרמה ארומה 1 ק"ג</ItemName>
      <ManufacturerName>לא ידוע</ManufacturerName>
      <ManufactureCountry>איטליה</ManufactureCountry>
      <ManufacturerItemDescription>פולי קפה לוואצה קרמה</ManufacturerItemDescription>
      <UnitQty>קילוגרמים</UnitQty>
      <Quantity>0.00</Quantity>
      <bIsWeighted>0</bIsWeighted>
      <UnitOfMeasure>ק"ג</UnitOfMeasure>
      <QtyInPackage>1</QtyInPackage>
      <ItemPrice>194.90</ItemPrice>
      <UnitOfMeasurePrice>194.90</UnitOfMeasurePrice>
      <AllowDiscount>1</AllowDiscount>
      <ItemStatus>1</ItemStatus>
    </Item>
    <Item>
      <PriceUpdateDate>2025-10-03 12:37</PriceUpdateDate>
      <ItemCode>8000070029996</ItemCode>
      <ItemType>1</ItemType>
      <ItemName>קפה לוואצה קלוי וטחון אורו שחור 250 גר</ItemName>
      <ManufacturerName>לא ידוע</ManufacturerName>
      <ManufactureCountry>IT</ManufactureCountry>
      <ManufacturerItemDescription>קפה לוואצה קלוי וטחו</ManufacturerItemDescription>
      <UnitQty>גרמים</UnitQty>
      <Quantity>250.00</Quantity>
      <bIsWeighted>0</bIsWeighted>
      <UnitOfMeasure>100 גרם</UnitOfMeasure>
      <QtyInPackage>1</QtyInPackage>
      <ItemPrice>57.90</ItemPrice>
      <UnitOfMeasurePrice>23.16</UnitOfMeasurePrice>
      <AllowDiscount>1</AllowDiscount>
      <ItemStatus>1</ItemStatus>
    </Item>
    <Item>
      <PriceUpdateDate>2025-10-06 08:06</PriceUpdateDate>
      <ItemCode>8000070032835</ItemCode>
      <ItemType>1</ItemType>
      <ItemName>קפה לוואצה קלוי וטחון חוזק 10 מטינו 250 גר</ItemName>
      <ManufacturerName>לא ידוע</ManufacturerName>
      <ManufactureCountry>איטליה</ManufactureCountry>
      <ManufacturerItemDescription>קפה לוואצה קלוי וטחו</ManufacturerItemDescription>
      <UnitQty>גרמים</UnitQty>
      <Quantity>250.00</Quantity>
      <bIsWeighted>0</bIsWeighted>
      <UnitOfMeasure>100 גרם</UnitOfMeasure>
      <QtyInPackage>1</QtyInPackage>
      <ItemPrice>47.90</ItemPrice>
      <UnitOfMeasurePrice>19.16</UnitOfMeasurePrice>
      <AllowDiscount>1</AllowDiscount>
      <ItemStatus>1</ItemStatus>
    </Item>
    <Item>
      <PriceUpdateDate>2025-10-06 08:06</PriceUpdateDate>
      <ItemCode>8000070035980</ItemCode>
      <ItemType>1</ItemType>
      <ItemName>קפה לוואצה קלוי וטחון חוזק 5 רוסה 250 גר</ItemName>
      <ManufacturerName>לא ידוע</ManufacturerName>
      <ManufactureCountry>איטליה</ManufactureCountry>
      <ManufacturerItemDescription>קפה לוואצה קלוי וטחו</ManufacturerItemDescription>
      <UnitQty>גרמים</UnitQty>
      <Quantity>250.00</Quantity>
      <bIsWeighted>0</bIsWeighted>
      <UnitOfMeasure>100 גרם</UnitOfMeasure>
      <QtyInPackage>1</QtyInPackage>
      <ItemPrice>48.90</ItemPrice>
      <UnitOfMeasurePrice>19.56</UnitOfMeasurePrice>
      <AllowDiscount>1</AllowDiscount>
      <ItemStatus>1</ItemStatus>
    </Item>
    <Item>
      <PriceUpdateDate>2025-02-24 10:52</PriceUpdateDate>
      <ItemCode>8000070036321</ItemCode>
      <ItemType>1</ItemType>
      <ItemName>פולי קפה לוואצה קואליטה רוסה 500 גר</ItemName>
      <ManufacturerName>לא ידוע</ManufacturerName>
      <ManufactureCountry>IT</ManufactureCountry>
      <ManufacturerItemDescription>פולי קפה לוואצה קואל</ManufacturerItemDescription>
      <UnitQty>גרמים</UnitQty>
      <Quantity>500.00</Quantity>
      <bIsWeighted>0</bIsWeighted>
      <UnitOfMeasure>100 גרם</UnitOfMeasure>
      <QtyInPackage>1</QtyInPackage>
      <ItemPrice>100.90</ItemPrice>
      <UnitOfMeasurePrice>20.18</UnitOfMeasurePrice>
      <AllowDiscount>1</AllowDiscount>
      <ItemStatus>1</ItemStatus>
    </Item>
    <Item>
      <PriceUpdateDate>2025-10-06 08:06</PriceUpdateDate>
      <ItemCode>8000070038868</ItemCode>
      <ItemType>1</ItemType>
      <ItemName>קפה לוואצה קלוי וטחון חוזק 8 קלאסיקו 250 גר</ItemName>
      <ManufacturerName>לא ידוע</ManufacturerName>
      <ManufactureCountry>איטליה</ManufactureCountry>
      <ManufacturerItemDescription>לוואצה חוזק 8 קרמה ג</ManufacturerItemDescription>
      <UnitQty>גרמים</UnitQty>
      <Quantity>250.00</Quantity>
      <bIsWeighted>0</bIsWeighted>
      <UnitOfMeasure>100 גרם</UnitOfMeasure>
      <QtyInPackage>1</QtyInPackage>
      <ItemPrice>44.90</ItemPrice>
      <UnitOfMeasurePrice>17.96</UnitOfMeasurePrice>
      <AllowDiscount>1</AllowDiscount>
      <ItemStatus>1</ItemStatus>
    </Item>
    <Item>
      <PriceUpdateDate>2025-10-03 12:36</PriceUpdateDate>
      <ItemCode>8000070053465</ItemCode>
      <ItemType>1</ItemType>
      <ItemName>קפסולות לוואצה אורו חוזק 8 10 יח</ItemName>
      <ManufacturerName>לא ידוע</ManufacturerName>
      <ManufactureCountry>איטליה</ManufactureCountry>
      <ManufacturerItemDescription>קפסולות לוואצה אורו </ManufacturerItemDescription>
      <UnitQty>יחידה</UnitQty>
      <Quantity>1.00</Quantity>
      <bIsWeighted>0</bIsWeighted>
      <UnitOfMeasure>יחידה</UnitOfMeasure>
      <QtyInPackage>1</QtyInPackage>
      <ItemPrice>25.90</ItemPrice>
      <UnitOfMeasurePrice>25.90</UnitOfMeasurePrice>
      <AllowDiscount>1</AllowDiscount>
      <ItemStatus>1</ItemStatus>
    </Item>
    <Item>
      <PriceUpdateDate>2025-10-03 12:36</PriceUpdateDate>
      <ItemCode>8000070053472</ItemCode>
      <ItemType>1</ItemType>
      <ItemName>קפסולות לוואצה קרמה גוסטו קלאסיקו חוזק12</ItemName>
      <ManufacturerName>לא ידוע</ManufacturerName>
      <ManufactureCountry>איטליה</ManufactureCountry>
      <ManufacturerItemDescription>קפסולות לוואצה קרמה </ManufacturerItemDescription>
      <UnitQty>יחידה</UnitQty>
      <Quantity>1.00</Quantity>
      <bIsWeighted>0</bIsWeighted>
      <UnitOfMeasure>יחידה</UnitOfMeasure>
      <QtyInPackage>1</QtyInPackage>
      <ItemPrice>25.90</ItemPrice>
      <UnitOfMeasurePrice>25.90</UnitOfMeasurePrice>
      <AllowDiscount>1</AllowDiscount>
      <ItemStatus>1</ItemStatus>
    </Item>
    <Item>
      <PriceUpdateDate>2025-10-03 12:36</PriceUpdateDate>
      <ItemCode>8000070053526</ItemCode>
      <ItemType>1</ItemType>
      <ItemName>קפסולות לוואצה רוסה חוזק 10 10 יח</ItemName>
      <ManufacturerName>לא ידוע</ManufacturerName>
      <ManufactureCountry>איטליה</ManufactureCountry>
      <ManufacturerItemDescription>קפסולות לוואצה רוסה </ManufacturerItemDescription>
      <UnitQty>יחידה</UnitQty>
      <Quantity>1.00</Quantity>
      <bIsWeighted>0</bIsWeighted>
      <UnitOfMeasure>יחידה</UnitOfMeasure>
      <QtyInPackage>1</QtyInPackage>
      <ItemPrice>25.90</ItemPrice>
      <UnitOfMeasurePrice>25.90</UnitOfMeasurePrice>
      <AllowDiscount>1</AllowDiscount>
      <ItemStatus>1</ItemStatus>
    </Item>
    <Item>
      <PriceUpdateDate>2025-10-03 12:36</PriceUpdateDate>
      <ItemCode>8000070055254</ItemCode>
      <ItemType>1</ItemType>
      <ItemName>קפסולות לוואצה קרמה גוסטו פורטה חוזק 13</ItemName>
      <ManufacturerName>לא ידוע</ManufacturerName>
      <ManufactureCountry>איטליה</ManufactureCountry>
      <ManufacturerItemDescription>קפסולות לוואצה קרמה </ManufacturerItemDescription>
      <UnitQty>יחידה</UnitQty>
      <Quantity>1.00</Quantity>
      <bIsWeighted>0</bIsWeighted>
      <UnitOfMeasure>יחידה</UnitOfMeasure>
      <QtyInPackage>1</QtyInPackage>
      <ItemPrice>25.90</ItemPrice>
      <UnitOfMeasurePrice>25.90</UnitOfMeasurePrice>
      <AllowDiscount>1</AllowDiscount>
      <ItemStatus>1</ItemStatus>
    </Item>
    <Item>
      <PriceUpdateDate>2025-03-11 11:40</PriceUpdateDate>
      <ItemCode>8000139000102</ItemCode>
      <ItemType>1</ItemType>
      <ItemName>גרופלו פסטה מפאלדה 500 גרם</ItemName>
      <ManufacturerName>לא ידוע</ManufacturerName>
      <ManufactureCountry>IT</ManufactureCountry>
      <ManufacturerItemDescription>גרופלו פסטה מפאלדה 5</ManufacturerItemDescription>
      <UnitQty>גרמים</UnitQty>
      <Quantity>500.00</Quantity>
      <bIsWeighted>0</bIsWeighted>
      <UnitOfMeasure>100 גרם</UnitOfMeasure>
      <QtyInPackage>1</QtyInPackage>
      <ItemPrice>18.90</ItemPrice>
      <UnitOfMeasurePrice>3.78</UnitOfMeasurePrice>
      <AllowDiscount>1</AllowDiscount>
      <ItemStatus>1</ItemStatus>
    </Item>
    <Item>
      <PriceUpdateDate>2025-01-23 07:48</PriceUpdateDate>
      <ItemCode>8000139000942</ItemCode>
      <ItemType>1</ItemType>
      <ItemName>פסטה גרפולו לומצינה 500 גרם</ItemName>
      <ManufacturerName>לא ידוע</ManufacturerName>
      <ManufactureCountry>לא ידוע</ManufactureCountry>
      <ManufacturerItemDescription>פסטה גרפולו לומקינה </ManufacturerItemDescription>
      <UnitQty>גרמים</UnitQty>
      <Quantity>500.00</Quantity>
      <bIsWeighted>0</bIsWeighted>
      <UnitOfMeasure>100 גרם</UnitOfMeasure>
      <QtyInPackage>1</QtyInPackage>
      <ItemPrice>15.90</ItemPrice>
      <UnitOfMeasurePrice>3.18</UnitOfMeasurePrice>
      <AllowDiscount>1</AllowDiscount>
      <ItemStatus>1</ItemStatus>
    </Item>
    <Item>
      <PriceUpdateDate>2025-03-11 11:39</PriceUpdateDate>
      <ItemCode>8000139001253</ItemCode>
      <ItemType>1</ItemType>
      <ItemName>פסטה גרפולו פוזילי לונגי 500 גרם</ItemName>
      <ManufacturerName>לא ידוע</ManufacturerName>
      <ManufactureCountry>לא ידוע</ManufactureCountry>
      <ManufacturerItemDescription>פסטה גרפולו פוזילי  </ManufacturerItemDescription>
      <UnitQty>גרמים</UnitQty>
      <Quantity>500.00</Quantity>
      <bIsWeighted>0</bIsWeighted>
      <UnitOfMeasure>100 גרם</UnitOfMeasure>
      <QtyInPackage>1</QtyInPackage>
      <ItemPrice>18.90</ItemPrice>
      <UnitOfMeasurePrice>3.78</UnitOfMeasurePrice>
      <AllowDiscount>1</AllowDiscount>
      <ItemStatus>1</ItemStatus>
    </Item>
    <Item>
      <PriceUpdateDate>2025-03-11 11:40</PriceUpdateDate>
      <ItemCode>8000139002021</ItemCode>
      <ItemType>1</ItemType>
      <ItemName>פסטה גרפולו קלמרטה 500 גרם</ItemName>
      <ManufacturerName>לא ידוע</ManufacturerName>
      <ManufactureCountry>לא ידוע</ManufactureCountry>
      <ManufacturerItemDescription>פסטה גרפולו קלמרטה 5</ManufacturerItemDescription>
      <UnitQty>גרמים</UnitQty>
      <Quantity>500.00</Quantity>
      <bIsWeighted>0</bIsWeighted>
      <UnitOfMeasure>100 גרם</UnitOfMeasure>
      <QtyInPackage>1</QtyInPackage>
      <ItemPrice>18.90</ItemPrice>
      <UnitOfMeasurePrice>3.78</UnitOfMeasurePrice>
      <AllowDiscount>1</AllowDiscount>
      <ItemStatus>1</ItemStatus>
    </Item>
    <Item>
      <PriceUpdateDate>2025-01-23 07:48</PriceUpdateDate>
      <ItemCode>8000139910142</ItemCode>
      <ItemType>1</ItemType>
      <ItemName>פסטה גרפולו ספגטי 500 גרם</ItemName>
      <ManufacturerName>לא ידוע</ManufacturerName>
      <ManufactureCountry>לא ידוע</ManufactureCountry>
      <ManufacturerItemDescription>פסטה גרפולו ספגטי 50</ManufacturerItemDescription>
      <UnitQty>גרמים</UnitQty>
      <Quantity>500.00</Quantity>
      <bIsWeighted>0</bIsWeighted>
      <UnitOfMeasure>100 גרם</UnitOfMeasure>
      <QtyInPackage>1</QtyInPackage>
      <ItemPrice>15.90</ItemPrice>
      <UnitOfMeasurePrice>3.18</UnitOfMeasurePrice>
      <AllowDiscount>1</AllowDiscount>
      <ItemStatus>1</ItemStatus>
    </Item>
    <Item>
      <PriceUpdateDate>2025-01-23 07:45</PriceUpdateDate>
      <ItemCode>8000139910159</ItemCode>
      <ItemType>1</ItemType>
      <ItemName>פסטה גרפולו לינגוין 500 גרם</ItemName>
      <ManufacturerName>לא ידוע</ManufacturerName>
      <ManufactureCountry>לא ידוע</ManufactureCountry>
      <ManufacturerItemDescription>פסטה גרפולו לינגוין </ManufacturerItemDescription>
      <UnitQty>גרמים</UnitQty>
      <Quantity>500.00</Quantity>
      <bIsWeighted>0</bIsWeighted>
      <UnitOfMeasure>100 גרם</UnitOfMeasure>
      <QtyInPackage>1</QtyInPackage>
      <ItemPrice>15.90</ItemPrice>
      <UnitOfMeasurePrice>3.18</UnitOfMeasurePrice>
      <AllowDiscount>1</AllowDiscount>
      <ItemStatus>1</ItemStatus>
    </Item>
    <Item>
      <PriceUpdateDate>2025-01-23 07:48</PriceUpdateDate>
      <ItemCode>8000139910173</ItemCode>
      <ItemType>1</ItemType>
      <ItemName>פסטה גרפולו אורזו 500 גרם</ItemName>
      <ManufacturerName>לא ידוע</ManufacturerName>
      <ManufactureCountry>לא ידוע</ManufactureCountry>
      <ManufacturerItemDescription>פסטה גרפולו אורזו 50</ManufacturerItemDescription>
      <UnitQty>גרמים</UnitQty>
      <Quantity>500.00</Quantity>
      <bIsWeighted>0</bIsWeighted>
      <UnitOfMeasure>100 גרם</UnitOfMeasure>
      <QtyInPackage>1</QtyInPackage>
      <ItemPrice>15.90</ItemPrice>
      <UnitOfMeasurePrice>3.18</UnitOfMeasurePrice>
      <AllowDiscount>1</AllowDiscount>
      <ItemStatus>1</ItemStatus>
    </Item>
    <Item>
      <PriceUpdateDate>2025-01-23 07:48</PriceUpdateDate>
      <ItemCode>8000139910197</ItemCode>
      <ItemType>1</ItemType>
      <ItemName>פסטה גרפולו ריגטוני 500 גרם</ItemName>
      <ManufacturerName>לא ידוע</ManufacturerName>
      <ManufactureCountry>לא ידוע</ManufactureCountry>
      <ManufacturerItemDescription>פסטה גרפולו ריגטוני </ManufacturerItemDescription>
      <UnitQty>גרמים</UnitQty>
      <Quantity>500.00</Quantity>
      <bIsWeighted>0</bIsWeighted>
      <UnitOfMeasure>100 גרם</UnitOfMeasure>
      <QtyInPackage>1</QtyInPackage>
      <ItemPrice>15.90</ItemPrice>
      <UnitOfMeasurePrice>3.18</UnitOfMeasurePrice>
      <AllowDiscount>1</AllowDiscount>
      <ItemStatus>1</ItemStatus>
    </Item>
    <Item>
      <PriceUpdateDate>2025-01-23 07:48</PriceUpdateDate>
      <ItemCode>8000139910227</ItemCode>
      <ItemType>1</ItemType>
      <ItemName>פסטה גרפולו פוזילי 500 גרם</ItemName>
      <ManufacturerName>לא ידוע</ManufacturerName>
      <ManufactureCountry>לא ידוע</ManufactureCountry>
      <ManufacturerItemDescription>פסטה גרפולו פוזילי 5</ManufacturerItemDescription>
      <UnitQty>גרמים</UnitQty>
      <Quantity>500.00</Quantity>
      <bIsWeighted>0</bIsWeighted>
      <UnitOfMeasure>100 גרם</UnitOfMeasure>
      <QtyInPackage>1</QtyInPackage>
      <ItemPrice>15.90</ItemPrice>
      <UnitOfMeasurePrice>3.18</UnitOfMeasurePrice>
      <AllowDiscount>1</AllowDiscount>
      <ItemStatus>1</ItemStatus>
    </Item>
    <Item>
      <PriceUpdateDate>2025-01-23 07:48</PriceUpdateDate>
      <ItemCode>8000139910234</ItemCode>
      <ItemType>1</ItemType>
      <ItemName>פסטה גרפולו פנה ריגטה 500 גר</ItemName>
      <ManufacturerName>לא ידוע</ManufacturerName>
      <ManufactureCountry>לא ידוע</ManufactureCountry>
      <ManufacturerItemDescription>פסטה גרפולו פנה ריגט</ManufacturerItemDescription>
      <UnitQty>גרמים</UnitQty>
      <Quantity>500.00</Quantity>
      <bIsWeighted>0</bIsWeighted>
      <UnitOfMeasure>100 גרם</UnitOfMeasure>
      <QtyInPackage>1</QtyInPackage>
      <ItemPrice>15.90</ItemPrice>
      <UnitOfMeasurePrice>3.18</UnitOfMeasurePrice>
      <AllowDiscount>1</AllowDiscount>
      <ItemStatus>1</ItemStatus>
    </Item>
    <Item>
      <PriceUpdateDate>2025-01-23 07:48</PriceUpdateDate>
      <ItemCode>8000139910265</ItemCode>
      <ItemType>1</ItemType>
      <ItemName>פסטה ראדיאטורי גרפולו 500 גר</ItemName>
      <ManufacturerName>לא ידוע</ManufacturerName>
      <ManufactureCountry>לא ידוע</ManufactureCountry>
      <ManufacturerItemDescription>פסטה ראדיאטורי גרפול</ManufacturerItemDescription>
      <UnitQty>גרמים</UnitQty>
      <Quantity>500.00</Quantity>
      <bIsWeighted>0</bIsWeighted>
      <UnitOfMeasure>100 גרם</UnitOfMeasure>
      <QtyInPackage>1</QtyInPackage>
      <ItemPrice>15.90</ItemPrice>
      <UnitOfMeasurePrice>3.18</UnitOfMeasurePrice>
      <AllowDiscount>1</AllowDiscount>
      <ItemStatus>1</ItemStatus>
    </Item>
    <Item>
      <PriceUpdateDate>2025-03-11 11:40</PriceUpdateDate>
      <ItemCode>8000139910272</ItemCode>
      <ItemType>1</ItemType>
      <ItemName>פסטה גרפולו פפרדלה נידו 500 גר</ItemName>
      <ManufacturerName>לא ידוע</ManufacturerName>
      <ManufactureCountry>לא ידוע</ManufactureCountry>
      <ManufacturerItemDescription>פסטה גרפולו פפרדלה נ</ManufacturerItemDescription>
      <UnitQty>גרמים</UnitQty>
      <Quantity>500.00</Quantity>
      <bIsWeighted>0</bIsWeighted>
      <UnitOfMeasure>100 גרם</UnitOfMeasure>
      <QtyInPackage>1</QtyInPackage>
      <ItemPrice>18.90</ItemPrice>
      <UnitOfMeasurePrice>3.78</UnitOfMeasurePrice>
      <AllowDiscount>1</AllowDiscount>
      <ItemStatus>1</ItemStatus>
    </Item>
    <Item>
      <PriceUpdateDate>2025-03-11 11:40</PriceUpdateDate>
      <ItemCode>8000139910289</ItemCode>
      <ItemType>1</ItemType>
      <ItemName>פסטה טליאטלה גרפולו 500 גר</ItemName>
      <ManufacturerName>לא ידוע</ManufacturerName>
      <ManufactureCountry>לא ידוע</ManufactureCountry>
      <ManufacturerItemDescription>פסטה גרפולו טליאטלה </ManufacturerItemDescription>
      <UnitQty>גרמים</UnitQty>
      <Quantity>500.00</Quantity>
      <bIsWeighted>0</bIsWeighted>
      <UnitOfMeasure>100 גרם</UnitOfMeasure>
      <QtyInPackage>1</QtyInPackage>
      <ItemPrice>18.90</ItemPrice>
      <UnitOfMeasurePrice>3.78</UnitOfMeasurePrice>
      <AllowDiscount>1</AllowDiscount>
      <ItemStatus>1</ItemStatus>
    </Item>
    <Item>
      <PriceUpdateDate>2025-03-11 11:40</PriceUpdateDate>
      <ItemCode>8000139910357</ItemCode>
      <ItemType>1</ItemType>
      <ItemName>פסטה לומאקוני גרפולו 500 גרם</ItemName>
      <ManufacturerName>לא ידוע</ManufacturerName>
      <ManufactureCountry>לא ידוע</ManufactureCountry>
      <ManufacturerItemDescription>פסטה לומאקוני גארופא</ManufacturerItemDescription>
      <UnitQty>גרמים</UnitQty>
      <Quantity>500.00</Quantity>
      <bIsWeighted>0</bIsWeighted>
      <UnitOfMeasure>100 גרם</UnitOfMeasure>
      <QtyInPackage>1</QtyInPackage>
      <ItemPrice>18.90</ItemPrice>
      <UnitOfMeasurePrice>3.78</UnitOfMeasurePrice>
      <AllowDiscount>1</AllowDiscount>
      <ItemStatus>1</ItemStatus>
    </Item>
    <Item>
      <PriceUpdateDate>2025-01-23 07:48</PriceUpdateDate>
      <ItemCode>8000139910432</ItemCode>
      <ItemType>1</ItemType>
      <ItemName>פסטה גרפולו פטוציה 500 גרם</ItemName>
      <ManufacturerName>לא ידוע</ManufacturerName>
      <ManufactureCountry>לא ידוע</ManufactureCountry>
      <ManufacturerItemDescription>פסטה גרפולו פטוציה 5</ManufacturerItemDescription>
      <UnitQty>גרמים</UnitQty>
      <Quantity>500.00</Quantity>
      <bIsWeighted>0</bIsWeighted>
      <UnitOfMeasure>100 גרם</UnitOfMeasure>
      <QtyInPackage>1</QtyInPackage>
      <ItemPrice>15.90</ItemPrice>
      <UnitOfMeasurePrice>3.18</UnitOfMeasurePrice>
      <AllowDiscount>1</AllowDiscount>
      <ItemStatus>1</ItemStatus>
    </Item>
    <Item>
      <PriceUpdateDate>2025-01-23 07:48</PriceUpdateDate>
      <ItemCode>8000139910753</ItemCode>
      <ItemType>1</ItemType>
      <ItemName>פסטה קאזארסה גרפולו 500 גר</ItemName>
      <ManufacturerName>לא ידוע</ManufacturerName>
      <ManufactureCountry>לא ידוע</ManufactureCountry>
      <ManufacturerItemDescription>פסטה גרפולו קסרצה   </ManufacturerItemDescription>
      <UnitQty>גרמים</UnitQty>
      <Quantity>500.00</Quantity>
      <bIsWeighted>0</bIsWeighted>
      <UnitOfMeasure>100 גרם</UnitOfMeasure>
      <QtyInPackage>1</QtyInPackage>
      <ItemPrice>15.90</ItemPrice>
      <UnitOfMeasurePrice>3.18</UnitOfMeasurePrice>
      <AllowDiscount>1</AllowDiscount>
      <ItemStatus>1</ItemStatus>
    </Item>
    <Item>
      <PriceUpdateDate>2025-01-23 07:48</PriceUpdateDate>
      <ItemCode>8000139920875</ItemCode>
      <ItemType>1</ItemType>
      <ItemName>ניוקי תפוח אדמה גרפולו 500 גרם</ItemName>
      <ManufacturerName>לא ידוע</ManufacturerName>
      <ManufactureCountry>לא ידוע</ManufactureCountry>
      <ManufacturerItemDescription>ניוקי תפוח אדמה גרפו</ManufacturerItemDescription>
      <UnitQty>גרמים</UnitQty>
      <Quantity>500.00</Quantity>
      <bIsWeighted>0</bIsWeighted>
      <UnitOfMeasure>100 גרם</UnitOfMeasure>
      <QtyInPackage>1</QtyInPackage>
      <ItemPrice>15.90</ItemPrice>
      <UnitOfMeasurePrice>3.18</UnitOfMeasurePrice>
      <AllowDiscount>1</AllowDiscount>
      <ItemStatus>1</ItemStatus>
    </Item>
    <Item>
      <PriceUpdateDate>2025-03-25 07:07</PriceUpdateDate>
      <ItemCode>8000193000452</ItemCode>
      <ItemType>1</ItemType>
      <ItemName>אורז ריזוטו איטלקי 1 ק"ג</ItemName>
      <ManufacturerName>לא ידוע</ManufacturerName>
      <ManufactureCountry>לא ידוע</ManufactureCountry>
      <ManufacturerItemDescription>אורז ריזוטו איטלקי 1</ManufacturerItemDescription>
      <UnitQty>גרמים</UnitQty>
      <Quantity>1000.00</Quantity>
      <bIsWeighted>0</bIsWeighted>
      <UnitOfMeasure>100 גרם</UnitOfMeasure>
      <QtyInPackage>1</QtyInPackage>
      <ItemPrice>35.90</ItemPrice>
      <UnitOfMeasurePrice>3.59</UnitOfMeasurePrice>
      <AllowDiscount>1</AllowDiscount>
      <ItemStatus>1</ItemStatus>
    </Item>
    <Item>
      <PriceUpdateDate>2025-06-06 05:56</PriceUpdateDate>
      <ItemCode>8000215204219</ItemCode>
      <ItemType>1</ItemType>
      <ItemName>משקה אורז - אורגני 1 ליטר</ItemName>
      <ManufacturerName>לא ידוע</ManufacturerName>
      <ManufactureCountry>לא ידוע</ManufactureCountry>
      <ManufacturerItemDescription>משקה אורז - אורגני 1</ManufacturerItemDescription>
      <UnitQty>מיליליטרים</UnitQty>
      <Quantity>1000.00</Quantity>
      <bIsWeighted>0</bIsWeighted>
      <UnitOfMeasure>100 מ"ל</UnitOfMeasure>
      <QtyInPackage>1</QtyInPackage>
      <ItemPrice>16.90</ItemPrice>
      <UnitOfMeasurePrice>1.69</UnitOfMeasurePrice>
      <AllowDiscount>1</AllowDiscount>
      <ItemStatus>1</ItemStatus>
    </Item>
    <Item>
      <PriceUpdateDate>2025-06-06 05:56</PriceUpdateDate>
      <ItemCode>8000215204240</ItemCode>
      <ItemType>1</ItemType>
      <ItemName>משקה שקדים ואורז - אורגני 1 ליטר</ItemName>
      <ManufacturerName>לא ידוע</ManufacturerName>
      <ManufactureCountry>לא ידוע</ManufactureCountry>
      <ManufacturerItemDescription>משקה שקדים ואורז - א</ManufacturerItemDescription>
      <UnitQty>מיליליטרים</UnitQty>
      <Quantity>1000.00</Quantity>
      <bIsWeighted>0</bIsWeighted>
      <UnitOfMeasure>100 מ"ל</UnitOfMeasure>
      <QtyInPackage>1</QtyInPackage>
      <ItemPrice>16.90</ItemPrice>
      <UnitOfMeasurePrice>1.69</UnitOfMeasurePrice>
      <AllowDiscount>1</AllowDiscount>
      <ItemStatus>1</ItemStatus>
    </Item>
    <Item>
      <PriceUpdateDate>2025-06-06 05:57</PriceUpdateDate>
      <ItemCode>8000215204677</ItemCode>
      <ItemType>1</ItemType>
      <ItemName>משקה ש.שועל בריסטה אורגני 1 ליטר ויטריז</ItemName>
      <ManufacturerName>לא ידוע</ManufacturerName>
      <ManufactureCountry />
      <ManufacturerItemDescription>משקה ש.שועל בריסטה א</ManufacturerItemDescription>
      <UnitQty>מיליליטרים</UnitQty>
      <Quantity>1000.00</Quantity>
      <bIsWeighted>0</bIsWeighted>
      <UnitOfMeasure>100 מ"ל</UnitOfMeasure>
      <QtyInPackage>1</QtyInPackage>
      <ItemPrice>16.90</ItemPrice>
      <UnitOfMeasurePrice>1.69</UnitOfMeasurePrice>
      <AllowDiscount>1</AllowDiscount>
      <ItemStatus>1</ItemStatus>
    </Item>
    <Item>
      <PriceUpdateDate>2025-01-30 07:57</PriceUpdateDate>
      <ItemCode>8000215204684</ItemCode>
      <ItemType>1</ItemType>
      <ItemName>משקה סויה בריסטה אורגני ויטריז 1 ליטר</ItemName>
      <ManufacturerName>לא ידוע</ManufacturerName>
      <ManufactureCountry>לא ידוע</ManufactureCountry>
      <ManufacturerItemDescription>משקה סויה בריסטה אור</ManufacturerItemDescription>
      <UnitQty>מיליליטרים</UnitQty>
      <Quantity>1000.00</Quantity>
      <bIsWeighted>0</bIsWeighted>
      <UnitOfMeasure>100 מ"ל</UnitOfMeasure>
      <QtyInPackage>1</QtyInPackage>
      <ItemPrice>16.90</ItemPrice>
      <UnitOfMeasurePrice>1.69</UnitOfMeasurePrice>
      <AllowDiscount>1</AllowDiscount>
      <ItemStatus>1</ItemStatus>
    </Item>
    <Item>
      <PriceUpdateDate>2025-06-06 05:56</PriceUpdateDate>
      <ItemCode>8000215204714</ItemCode>
      <ItemType>1</ItemType>
      <ItemName>משקה שיבולת שועל אורגני 1 ליטר PRIMAVENA</ItemName>
      <ManufacturerName>לא ידוע</ManufacturerName>
      <ManufactureCountry>לא ידוע</ManufactureCountry>
      <ManufacturerItemDescription>משקה שיבולת שועל אור</ManufacturerItemDescription>
      <UnitQty>מיליליטרים</UnitQty>
      <Quantity>1000.00</Quantity>
      <bIsWeighted>0</bIsWeighted>
      <UnitOfMeasure>100 מ"ל</UnitOfMeasure>
      <QtyInPackage>1</QtyInPackage>
      <ItemPrice>16.90</ItemPrice>
      <UnitOfMeasurePrice>1.69</UnitOfMeasurePrice>
      <AllowDiscount>1</AllowDiscount>
      <ItemStatus>1</ItemStatus>
    </Item>
    <Item>
      <PriceUpdateDate>2025-03-25 07:07</PriceUpdateDate>
      <ItemCode>8000320010095</ItemCode>
      <ItemType>1</ItemType>
      <ItemName>פסאטה במרקם עדין 700 מ"ל CIRIO</ItemName>
      <ManufacturerName>לא ידוע</ManufacturerName>
      <ManufactureCountry>איטליה</ManufactureCountry>
      <ManufacturerItemDescription>פסאטה במרקם עדין 700</ManufacturerItemDescription>
      <UnitQty>מיליליטרים</UnitQty>
      <Quantity>700.00</Quantity>
      <bIsWeighted>0</bIsWeighted>
      <UnitOfMeasure>100 מ"ל</UnitOfMeasure>
      <QtyInPackage>1</QtyInPackage>
      <ItemPrice>17.50</ItemPrice>
      <UnitOfMeasurePrice>2.50</UnitOfMeasurePrice>
      <AllowDiscount>1</AllowDiscount>
      <ItemStatus>1</ItemStatus>
    </Item>
    <Item>
      <PriceUpdateDate>2025-03-25 07:09</PriceUpdateDate>
      <ItemCode>8000320353659</ItemCode>
      <ItemType>1</ItemType>
      <ItemName>רכז עגבניות ציריו שפורפרת 130 גר</ItemName>
      <ManufacturerName>לא ידוע</ManufacturerName>
      <ManufactureCountry>איטליה</ManufactureCountry>
      <ManufacturerItemDescription>רכז עגבניות ציריו שפ</ManufacturerItemDescription>
      <UnitQty>גרמים</UnitQty>
      <Quantity>130.00</Quantity>
      <bIsWeighted>0</bIsWeighted>
      <UnitOfMeasure>100 גרם</UnitOfMeasure>
      <QtyInPackage>1</QtyInPackage>
      <ItemPrice>9.50</ItemPrice>
      <UnitOfMeasurePrice>7.31</UnitOfMeasurePrice>
      <AllowDiscount>1</AllowDiscount>
      <ItemStatus>1</ItemStatus>
    </Item>
    <Item>
      <PriceUpdateDate>2025-10-06 08:06</PriceUpdateDate>
      <ItemCode>8000380003723</ItemCode>
      <ItemType>1</ItemType>
      <ItemName>עוגיות גרנד פטיסרי 100 ג אגוזים</ItemName>
      <ManufacturerName>לא ידוע</ManufacturerName>
      <ManufactureCountry>לא ידוע</ManufactureCountry>
      <ManufacturerItemDescription>עוגיות גרנד פטיסרי 1</ManufacturerItemDescription>
      <UnitQty>גרמים</UnitQty>
      <Quantity>100.00</Quantity>
      <bIsWeighted>0</bIsWeighted>
      <UnitOfMeasure>100 גרם</UnitOfMeasure>
      <QtyInPackage>1</QtyInPackage>
      <ItemPrice>20.90</ItemPrice>
      <UnitOfMeasurePrice>20.90</UnitOfMeasurePrice>
      <AllowDiscount>1</AllowDiscount>
      <ItemStatus>1</ItemStatus>
    </Item>
    <Item>
      <PriceUpdateDate>2023-05-22 18:47</PriceUpdateDate>
      <ItemCode>8000380004676</ItemCode>
      <ItemType>1</ItemType>
      <ItemName>וופל וניל 200 גרם</ItemName>
      <ManufacturerName>לא ידוע</ManufacturerName>
      <ManufactureCountry>לא ידוע</ManufactureCountry>
      <ManufacturerItemDescription>וופל וניל 200 גרם   </ManufacturerItemDescription>
      <UnitQty>גרמים</UnitQty>
      <Quantity>200.00</Quantity>
      <bIsWeighted>0</bIsWeighted>
      <UnitOfMeasure>100 גרם</UnitOfMeasure>
      <QtyInPackage>1</QtyInPackage>
      <ItemPrice>17.90</ItemPrice>
      <UnitOfMeasurePrice>8.95</UnitOfMeasurePrice>
      <AllowDiscount>1</AllowDiscount>
      <ItemStatus>1</ItemStatus>
    </Item>
    <Item>
      <PriceUpdateDate>2024-06-27 13:47</PriceUpdateDate>
      <ItemCode>8000380004881</ItemCode>
      <ItemType>1</ItemType>
      <ItemName>וופל קואדרטיני טירמיסו 250 ג</ItemName>
      <ManufacturerName>לא ידוע</ManufacturerName>
      <ManufactureCountry>לא ידוע</ManufactureCountry>
      <ManufacturerItemDescription>וופל קואדרטיני טירמי</ManufacturerItemDescription>
      <UnitQty>גרמים</UnitQty>
      <Quantity>220.00</Quantity>
      <bIsWeighted>0</bIsWeighted>
      <UnitOfMeasure>100 גרם</UnitOfMeasure>
      <QtyInPackage>1</QtyInPackage>
      <ItemPrice>19.90</ItemPrice>
      <UnitOfMeasurePrice>9.05</UnitOfMeasurePrice>
      <AllowDiscount>1</AllowDiscount>
      <ItemStatus>1</ItemStatus>
    </Item>
    <Item>
      <PriceUpdateDate>2024-07-04 17:01</PriceUpdateDate>
      <ItemCode>8000380004911</ItemCode>
      <ItemType>1</ItemType>
      <ItemName>וופל קוארדטיני אגוז 250 גרם</ItemName>
      <ManufacturerName>לא ידוע</ManufacturerName>
      <ManufactureCountry>לא ידוע</ManufactureCountry>
      <ManufacturerItemDescription>וופל קוארדטיני אגוז </ManufacturerItemDescription>
      <UnitQty>גרמים</UnitQty>
      <Quantity>250.00</Quantity>
      <bIsWeighted>0</bIsWeighted>
      <UnitOfMeasure>100 גרם</UnitOfMeasure>
      <QtyInPackage>1</QtyInPackage>
      <ItemPrice>19.90</ItemPrice>
      <UnitOfMeasurePrice>7.96</UnitOfMeasurePrice>
      <AllowDiscount>1</AllowDiscount>
      <ItemStatus>1</ItemStatus>
    </Item>
    <Item>
      <PriceUpdateDate>2024-07-17 08:36</PriceUpdateDate>
      <ItemCode>8000380007219</ItemCode>
      <ItemType>1</ItemType>
      <ItemName>וופל לואקר אגוז 175 גרם</ItemName>
      <ManufacturerName>לא ידוע</ManufacturerName>
      <ManufactureCountry>לא ידוע</ManufactureCountry>
      <ManufacturerItemDescription>וופל לואקר אגוז 175 </ManufacturerItemDescription>
      <UnitQty>גרמים</UnitQty>
      <Quantity>175.00</Quantity>
      <bIsWeighted>0</bIsWeighted>
      <UnitOfMeasure>100 גרם</UnitOfMeasure>
      <QtyInPackage>1</QtyInPackage>
      <ItemPrice>15.90</ItemPrice>
      <UnitOfMeasurePrice>9.09</UnitOfMeasurePrice>
      <AllowDiscount>1</AllowDiscount>
      <ItemStatus>1</ItemStatus>
    </Item>
    <Item>
      <PriceUpdateDate>2025-10-06 08:06</PriceUpdateDate>
      <ItemCode>8000380007257</ItemCode>
      <ItemType>1</ItemType>
      <ItemName>וופל גרדנה אגוז 200 גרם</ItemName>
      <ManufacturerName>לא ידוע</ManufacturerName>
      <ManufactureCountry>לא ידוע</ManufactureCountry>
      <ManufacturerItemDescription>וופל גרדנה אגוז 200 </ManufacturerItemDescription>
      <UnitQty>גרמים</UnitQty>
      <Quantity>200.00</Quantity>
      <bIsWeighted>0</bIsWeighted>
      <UnitOfMeasure>100 גרם</UnitOfMeasure>
      <QtyInPackage>1</QtyInPackage>
      <ItemPrice>21.90</ItemPrice>
      <UnitOfMeasurePrice>10.95</UnitOfMeasurePrice>
      <AllowDiscount>1</AllowDiscount>
      <ItemStatus>1</ItemStatus>
    </Item>
    <Item>
      <PriceUpdateDate>2025-10-06 08:06</PriceUpdateDate>
      <ItemCode>8000380106028</ItemCode>
      <ItemType>1</ItemType>
      <ItemName>טורטינה אורגינל 1/6 125 גר לואקר</ItemName>
      <ManufacturerName>לא ידוע</ManufacturerName>
      <ManufactureCountry>לא ידוע</ManufactureCountry>
      <ManufacturerItemDescription>טורטינה אורגינל 1/6 </ManufacturerItemDescription>
      <UnitQty>גרמים</UnitQty>
      <Quantity>125.00</Quantity>
      <bIsWeighted>0</bIsWeighted>
      <UnitOfMeasure>100 גרם</UnitOfMeasure>
      <QtyInPackage>1</QtyInPackage>
      <ItemPrice>27.90</ItemPrice>
      <UnitOfMeasurePrice>22.32</UnitOfMeasurePrice>
      <AllowDiscount>1</AllowDiscount>
      <ItemStatus>1</ItemStatus>
    </Item>
    <Item>
      <PriceUpdateDate>2024-07-17 08:34</PriceUpdateDate>
      <ItemCode>8000380180745</ItemCode>
      <ItemType>1</ItemType>
      <ItemName>לואקר קוביות וופל קקאו עם קרם חלבי 250 ג</ItemName>
      <ManufacturerName>לא ידוע</ManufacturerName>
      <ManufactureCountry>לא ידוע</ManufactureCountry>
      <ManufacturerItemDescription>לואקר קוביות וופל קק</ManufacturerItemDescription>
      <UnitQty>גרמים</UnitQty>
      <Quantity>250.00</Quantity>
      <bIsWeighted>0</bIsWeighted>
      <UnitOfMeasure>100 גרם</UnitOfMeasure>
      <QtyInPackage>1</QtyInPackage>
      <ItemPrice>19.90</ItemPrice>
      <UnitOfMeasurePrice>7.96</UnitOfMeasurePrice>
      <AllowDiscount>1</AllowDiscount>
      <ItemStatus>1</ItemStatus>
    </Item>
    <Item>
      <PriceUpdateDate>2025-09-16 12:36</PriceUpdateDate>
      <ItemCode>8000500023976</ItemCode>
      <ItemType>1</ItemType>
      <ItemName>בונבוניירה רפאלו 150 גרם</ItemName>
      <ManufacturerName>לא ידוע</ManufacturerName>
      <ManufactureCountry>לא ידוע</ManufactureCountry>
      <ManufacturerItemDescription>בונבוניירה רפאלו 150</ManufacturerItemDescription>
      <UnitQty>גרמים</UnitQty>
      <Quantity>150.00</Quantity>
      <bIsWeighted>0</bIsWeighted>
      <UnitOfMeasure>100 גרם</UnitOfMeasure>
      <QtyInPackage>1</QtyInPackage>
      <ItemPrice>25.50</ItemPrice>
      <UnitOfMeasurePrice>17.00</UnitOfMeasurePrice>
      <AllowDiscount>1</AllowDiscount>
      <ItemStatus>1</ItemStatus>
    </Item>
    <Item>
      <PriceUpdateDate>2025-04-01 12:25</PriceUpdateDate>
      <ItemCode>8000500026731</ItemCode>
      <ItemType>1</ItemType>
      <ItemName>שלישיית ביצי הפתעה קינדר 60 גר</ItemName>
      <ManufacturerName>לא ידוע</ManufacturerName>
      <ManufactureCountry>לא ידוע</ManufactureCountry>
      <ManufacturerItemDescription>ביצת הפתעה קינדר 60 </ManufacturerItemDescription>
      <UnitQty>גרמים</UnitQty>
      <Quantity>60.00</Quantity>
      <bIsWeighted>0</bIsWeighted>
      <UnitOfMeasure>100 גרם</UnitOfMeasure>
      <QtyInPackage>1</QtyInPackage>
      <ItemPrice>19.90</ItemPrice>
      <UnitOfMeasurePrice>33.17</UnitOfMeasurePrice>
      <AllowDiscount>1</AllowDiscount>
      <ItemStatus>1</ItemStatus>
    </Item>
    <Item>
      <PriceUpdateDate>2025-09-16 12:37</PriceUpdateDate>
      <ItemCode>8000500029350</ItemCode>
      <ItemType>1</ItemType>
      <ItemName>שלישייה קינדר בואנו חלב 129 גרם</ItemName>
      <ManufacturerName>לא ידוע</ManufacturerName>
      <ManufactureCountry>לא ידוע</ManufactureCountry>
      <ManufacturerItemDescription>שלישייה קינדר בואנו </ManufacturerItemDescription>
      <UnitQty>גרמים</UnitQty>
      <Quantity>129.00</Quantity>
      <bIsWeighted>0</bIsWeighted>
      <UnitOfMeasure>100 גרם</UnitOfMeasure>
      <QtyInPackage>1</QtyInPackage>
      <ItemPrice>17.90</ItemPrice>
      <UnitOfMeasurePrice>13.88</UnitOfMeasurePrice>
      <AllowDiscount>1</AllowDiscount>
      <ItemStatus>1</ItemStatus>
    </Item>
    <Item>
      <PriceUpdateDate>2025-09-16 12:36</PriceUpdateDate>
      <ItemCode>8000500032237</ItemCode>
      <ItemType>1</ItemType>
      <ItemName>בונבוניירה פררו רושר 375 גר</ItemName>
      <ManufacturerName>לא ידוע</ManufacturerName>
      <ManufactureCountry>לא ידוע</ManufactureCountry>
      <ManufacturerItemDescription>בונבוניירה פררו רושר</ManufacturerItemDescription>
      <UnitQty>גרמים</UnitQty>
      <Quantity>260.00</Quantity>
      <bIsWeighted>0</bIsWeighted>
      <UnitOfMeasure>100 גרם</UnitOfMeasure>
      <QtyInPackage>1</QtyInPackage>
      <ItemPrice>61.90</ItemPrice>
      <UnitOfMeasurePrice>23.81</UnitOfMeasurePrice>
      <AllowDiscount>1</AllowDiscount>
      <ItemStatus>1</ItemStatus>
    </Item>
    <Item>
      <PriceUpdateDate>2025-09-16 12:36</PriceUpdateDate>
      <ItemCode>8000500071083</ItemCode>
      <ItemType>1</ItemType>
      <ItemName>קינדר שוקולד מארז 200 גרם</ItemName>
      <ManufacturerName>לא ידוע</ManufacturerName>
      <ManufactureCountry>לא ידוע</ManufactureCountry>
      <ManufacturerItemDescription>שוקולד קינדר 200 גר </ManufacturerItemDescription>
      <UnitQty>גרמים</UnitQty>
      <Quantity>200.00</Quantity>
      <bIsWeighted>0</bIsWeighted>
      <UnitOfMeasure>100 גרם</UnitOfMeasure>
      <QtyInPackage>1</QtyInPackage>
      <ItemPrice>19.50</ItemPrice>
      <UnitOfMeasurePrice>9.75</UnitOfMeasurePrice>
      <AllowDiscount>1</AllowDiscount>
      <ItemStatus>1</ItemStatus>
    </Item>
    <Item>
      <PriceUpdateDate>2025-09-16 12:36</PriceUpdateDate>
      <ItemCode>8000500121436</ItemCode>
      <ItemType>1</ItemType>
      <ItemName>שלישייה קינדר בואנו לבן 129 גרם</ItemName>
      <ManufacturerName>לא ידוע</ManufacturerName>
      <ManufactureCountry>לא ידוע</ManufactureCountry>
      <ManufacturerItemDescription>שלישייה קינדר בואנו </ManufacturerItemDescription>
      <UnitQty>גרמים</UnitQty>
      <Quantity>129.00</Quantity>
      <bIsWeighted>0</bIsWeighted>
      <UnitOfMeasure>100 גרם</UnitOfMeasure>
      <QtyInPackage>1</QtyInPackage>
      <ItemPrice>17.90</ItemPrice>
      <UnitOfMeasurePrice>13.88</UnitOfMeasurePrice>
      <AllowDiscount>1</AllowDiscount>
      <ItemStatus>1</ItemStatus>
    </Item>
    <Item>
      <PriceUpdateDate>2025-09-16 12:36</PriceUpdateDate>
      <ItemCode>8000500167656</ItemCode>
      <ItemType>1</ItemType>
      <ItemName>קינדר שוקולד עם דגנים 94 גר</ItemName>
      <ManufacturerName>לא ידוע</ManufacturerName>
      <ManufactureCountry>איטליה</ManufactureCountry>
      <ManufacturerItemDescription>קינדר שוקולד עם דגני</ManufacturerItemDescription>
      <UnitQty>גרמים</UnitQty>
      <Quantity>94.00</Quantity>
      <bIsWeighted>0</bIsWeighted>
      <UnitOfMeasure>100 גרם</UnitOfMeasure>
      <QtyInPackage>1</QtyInPackage>
      <ItemPrice>12.90</ItemPrice>
      <UnitOfMeasurePrice>13.72</UnitOfMeasurePrice>
      <AllowDiscount>1</AllowDiscount>
      <ItemStatus>1</ItemStatus>
    </Item>
    <Item>
      <PriceUpdateDate>2025-09-16 12:36</PriceUpdateDate>
      <ItemCode>8000500227848</ItemCode>
      <ItemType>1</ItemType>
      <ItemName>וופל נוטלה בי רדי שישייה 132 גרם</ItemName>
      <ManufacturerName>לא ידוע</ManufacturerName>
      <ManufactureCountry>איטליה</ManufactureCountry>
      <ManufacturerItemDescription>וופל נוטלה בי רדי שי</ManufacturerItemDescription>
      <UnitQty>גרמים</UnitQty>
      <Quantity>132.00</Quantity>
      <bIsWeighted>0</bIsWeighted>
      <UnitOfMeasure>100 גרם</UnitOfMeasure>
      <QtyInPackage>1</QtyInPackage>
      <ItemPrice>17.90</ItemPrice>
      <UnitOfMeasurePrice>13.56</UnitOfMeasurePrice>
      <AllowDiscount>1</AllowDiscount>
      <ItemStatus>1</ItemStatus>
    </Item>
    <Item>
      <PriceUpdateDate>2025-04-01 08:19</PriceUpdateDate>
      <ItemCode>8000500247150</ItemCode>
      <ItemType>1</ItemType>
      <ItemName>פררו קוליקשיין 172 גר</ItemName>
      <ManufacturerName>לא ידוע</ManufacturerName>
      <ManufactureCountry>לא ידוע</ManufactureCountry>
      <ManufacturerItemDescription>פררו קוליקשיין 172 ג</ManufacturerItemDescription>
      <UnitQty>גרמים</UnitQty>
      <Quantity>172.00</Quantity>
      <bIsWeighted>0</bIsWeighted>
      <UnitOfMeasure>100 גרם</UnitOfMeasure>
      <QtyInPackage>1</QtyInPackage>
      <ItemPrice>41.90</ItemPrice>
      <UnitOfMeasurePrice>24.36</UnitOfMeasurePrice>
      <AllowDiscount>1</AllowDiscount>
      <ItemStatus>1</ItemStatus>
    </Item>
    <Item>
      <PriceUpdateDate>2025-09-16 12:36</PriceUpdateDate>
      <ItemCode>8000500256213</ItemCode>
      <ItemType>1</ItemType>
      <ItemName>קינדר שוקולד מיני 120 גרם</ItemName>
      <ManufacturerName>לא ידוע</ManufacturerName>
      <ManufactureCountry>איטליה</ManufactureCountry>
      <ManufacturerItemDescription>קינדר שוקולד מיני 12</ManufacturerItemDescription>
      <UnitQty>גרמים</UnitQty>
      <Quantity>120.00</Quantity>
      <bIsWeighted>0</bIsWeighted>
      <UnitOfMeasure>100 גרם</UnitOfMeasure>
      <QtyInPackage>1</QtyInPackage>
      <ItemPrice>17.90</ItemPrice>
      <UnitOfMeasurePrice>14.92</UnitOfMeasurePrice>
      <AllowDiscount>1</AllowDiscount>
      <ItemStatus>1</ItemStatus>
    </Item>
    <Item>
      <PriceUpdateDate>2025-10-20 18:51</PriceUpdateDate>
      <ItemCode>8000500266557</ItemCode>
      <ItemType>1</ItemType>
      <ItemName>ביצי קינדר ענקיות- קריסמס (בנות) 220 גרם</ItemName>
      <ManufacturerName>לא ידוע</ManufacturerName>
      <ManufactureCountry>איטליה</ManufactureCountry>
      <ManufacturerItemDescription>ביצי קינדר ענקיות- ק</ManufacturerItemDescription>
      <UnitQty>גרמים</UnitQty>
      <Quantity>220.00</Quantity>
      <bIsWeighted>0</bIsWeighted>
      <UnitOfMeasure>100 גרם</UnitOfMeasure>
      <QtyInPackage>1</QtyInPackage>
      <ItemPrice>89.90</ItemPrice>
      <UnitOfMeasurePrice>40.86</UnitOfMeasurePrice>
      <AllowDiscount>1</AllowDiscount>
      <ItemStatus>1</ItemStatus>
    </Item>
    <Item>
      <PriceUpdateDate>2025-06-06 05:55</PriceUpdateDate>
      <ItemCode>8000500267103</ItemCode>
      <ItemType>1</ItemType>
      <ItemName>עוגת קינדר דליס 390 גר</ItemName>
      <ManufacturerName>לא ידוע</ManufacturerName>
      <ManufactureCountry>איטליה</ManufactureCountry>
      <ManufacturerItemDescription>עוגת קינדר דליס 390 </ManufacturerItemDescription>
      <UnitQty>גרמים</UnitQty>
      <Quantity>390.00</Quantity>
      <bIsWeighted>0</bIsWeighted>
      <UnitOfMeasure>100 גרם</UnitOfMeasure>
      <QtyInPackage>1</QtyInPackage>
      <ItemPrice>27.90</ItemPrice>
      <UnitOfMeasurePrice>7.15</UnitOfMeasurePrice>
      <AllowDiscount>1</AllowDiscount>
      <ItemStatus>1</ItemStatus>
    </Item>
    <Item>
      <PriceUpdateDate>2025-09-16 12:36</PriceUpdateDate>
      <ItemCode>8000500269169</ItemCode>
      <ItemType>1</ItemType>
      <ItemName>קינדר קארדס חמישייה 128 גרם</ItemName>
      <ManufacturerName>לא ידוע</ManufacturerName>
      <ManufactureCountry>איטליה</ManufactureCountry>
      <ManufacturerItemDescription>וופל קינדר קארדס 128</ManufacturerItemDescription>
      <UnitQty>גרמים</UnitQty>
      <Quantity>128.00</Quantity>
      <bIsWeighted>0</bIsWeighted>
      <UnitOfMeasure>100 גרם</UnitOfMeasure>
      <QtyInPackage>1</QtyInPackage>
      <ItemPrice>20.90</ItemPrice>
      <UnitOfMeasurePrice>16.33</UnitOfMeasurePrice>
      <AllowDiscount>1</AllowDiscount>
      <ItemStatus>1</ItemStatus>
    </Item>
    <Item>
      <PriceUpdateDate>2025-09-16 12:37</PriceUpdateDate>
      <ItemCode>8000500310397</ItemCode>
      <ItemType>1</ItemType>
      <ItemName>ביסקוויטים במילוי נוטלה 166 גר</ItemName>
      <ManufacturerName>לא ידוע</ManufacturerName>
      <ManufactureCountry>איטליה</ManufactureCountry>
      <ManufacturerItemDescription>ביסקוויטים במילוי נו</ManufacturerItemDescription>
      <UnitQty>גרמים</UnitQty>
      <Quantity>166.00</Quantity>
      <bIsWeighted>0</bIsWeighted>
      <UnitOfMeasure>100 גרם</UnitOfMeasure>
      <QtyInPackage>1</QtyInPackage>
      <ItemPrice>21.90</ItemPrice>
      <UnitOfMeasurePrice>13.19</UnitOfMeasurePrice>
      <AllowDiscount>1</AllowDiscount>
      <ItemStatus>1</ItemStatus>
    </Item>
    <Item>
      <PriceUpdateDate>2025-08-05 23:00</PriceUpdateDate>
      <ItemCode>8000500325384</ItemCode>
      <ItemType>1</ItemType>
      <ItemName>קינדר גוי שלישייה 60 גר</ItemName>
      <ManufacturerName>לא ידוע</ManufacturerName>
      <ManufactureCountry>PL</ManufactureCountry>
      <ManufacturerItemDescription>קינדר גוי שלישייה   </ManufacturerItemDescription>
      <UnitQty>גרמים</UnitQty>
      <Quantity>60.00</Quantity>
      <bIsWeighted>0</bIsWeighted>
      <UnitOfMeasure>100 גרם</UnitOfMeasure>
      <QtyInPackage>1</QtyInPackage>
      <ItemPrice>19.90</ItemPrice>
      <UnitOfMeasurePrice>33.17</UnitOfMeasurePrice>
      <AllowDiscount>1</AllowDiscount>
      <ItemStatus>1</ItemStatus>
    </Item>
    <Item>
      <PriceUpdateDate>2025-09-16 12:37</PriceUpdateDate>
      <ItemCode>8000500359358</ItemCode>
      <ItemType>1</ItemType>
      <ItemName>ביסקוויטים במילוי נוטלה 41.4 גר</ItemName>
      <ManufacturerName>לא ידוע</ManufacturerName>
      <ManufactureCountry>איטליה</ManufactureCountry>
      <ManufacturerItemDescription>ביסקוויטים במילוי נו</ManufacturerItemDescription>
      <UnitQty>גרמים</UnitQty>
      <Quantity>41.00</Quantity>
      <bIsWeighted>0</bIsWeighted>
      <UnitOfMeasure>100 גרם</UnitOfMeasure>
      <QtyInPackage>1</QtyInPackage>
      <ItemPrice>5.50</ItemPrice>
      <UnitOfMeasurePrice>13.41</UnitOfMeasurePrice>
      <AllowDiscount>1</AllowDiscount>
      <ItemStatus>1</ItemStatus>
    </Item>
    <Item>
      <PriceUpdateDate>2025-02-27 10:00</PriceUpdateDate>
      <ItemCode>8000500366073</ItemCode>
      <ItemType>1</ItemType>
      <ItemName>ביסקוויטים במילוי נוטלה 276 גר</ItemName>
      <ManufacturerName>לא ידוע</ManufacturerName>
      <ManufactureCountry>איטליה</ManufactureCountry>
      <ManufacturerItemDescription>ביסקוויטים במילוי נו</ManufacturerItemDescription>
      <UnitQty>גרמים</UnitQty>
      <Quantity>276.00</Quantity>
      <bIsWeighted>0</bIsWeighted>
      <UnitOfMeasure>100 גרם</UnitOfMeasure>
      <QtyInPackage>1</QtyInPackage>
      <ItemPrice>29.90</ItemPrice>
      <UnitOfMeasurePrice>10.83</UnitOfMeasurePrice>
      <AllowDiscount>1</AllowDiscount>
      <ItemStatus>1</ItemStatus>
    </Item>
    <Item>
      <PriceUpdateDate>2025-09-16 12:37</PriceUpdateDate>
      <ItemCode>8000500390641</ItemCode>
      <ItemType>1</ItemType>
      <ItemName>ביצי קינדר בואנו לחנוכה 84 גר</ItemName>
      <ManufacturerName>לא ידוע</ManufacturerName>
      <ManufactureCountry>IT</ManufactureCountry>
      <ManufacturerItemDescription>ביצי קינדר בואנו לחנ</ManufacturerItemDescription>
      <UnitQty>גרמים</UnitQty>
      <Quantity>84.00</Quantity>
      <bIsWeighted>0</bIsWeighted>
      <UnitOfMeasure>100 גרם</UnitOfMeasure>
      <QtyInPackage>1</QtyInPackage>
      <ItemPrice>19.90</ItemPrice>
      <UnitOfMeasurePrice>23.69</UnitOfMeasurePrice>
      <AllowDiscount>1</AllowDiscount>
      <ItemStatus>1</ItemStatus>
    </Item>
    <Item>
      <PriceUpdateDate>2025-08-31 14:44</PriceUpdateDate>
      <ItemCode>8000500391228</ItemCode>
      <ItemType>1</ItemType>
      <ItemName>ביסקוויט חלב וקקאו קינדר קינדריני 250 גר</ItemName>
      <ManufacturerName>לא ידוע</ManufacturerName>
      <ManufactureCountry>איטליה</ManufactureCountry>
      <ManufacturerItemDescription>ביסקוויט חלב וקקאו ק</ManufacturerItemDescription>
      <UnitQty>גרמים</UnitQty>
      <Quantity>250.00</Quantity>
      <bIsWeighted>0</bIsWeighted>
      <UnitOfMeasure>100 גרם</UnitOfMeasure>
      <QtyInPackage>1</QtyInPackage>
      <ItemPrice>25.90</ItemPrice>
      <UnitOfMeasurePrice>10.36</UnitOfMeasurePrice>
      <AllowDiscount>1</AllowDiscount>
      <ItemStatus>1</ItemStatus>
    </Item>
    <Item>
      <PriceUpdateDate>2025-09-16 12:37</PriceUpdateDate>
      <ItemCode>8000500406069</ItemCode>
      <ItemType>1</ItemType>
      <ItemName>ביצת ה.קינדר סופרייז נטונס שלישייה 60 גר</ItemName>
      <ManufacturerName>לא ידוע</ManufacturerName>
      <ManufactureCountry>איטליה</ManufactureCountry>
      <ManufacturerItemDescription>ביצת הפתעה קינדר מהד</ManufacturerItemDescription>
      <UnitQty>גרמים</UnitQty>
      <Quantity>60.00</Quantity>
      <bIsWeighted>0</bIsWeighted>
      <UnitOfMeasure>100 גרם</UnitOfMeasure>
      <QtyInPackage>1</QtyInPackage>
      <ItemPrice>19.90</ItemPrice>
      <UnitOfMeasurePrice>33.17</UnitOfMeasurePrice>
      <AllowDiscount>1</AllowDiscount>
      <ItemStatus>1</ItemStatus>
    </Item>
    <Item>
      <PriceUpdateDate>2025-08-01 23:00</PriceUpdateDate>
      <ItemCode>8000500426494</ItemCode>
      <ItemType>1</ItemType>
      <ItemName>ממרח נוטלה על בסיס צמחי 350 גר</ItemName>
      <ManufacturerName>לא ידוע</ManufacturerName>
      <ManufactureCountry>IT</ManufactureCountry>
      <ManufacturerItemDescription>ממרח נוטלה צמחי     </ManufacturerItemDescription>
      <UnitQty>גרמים</UnitQty>
      <Quantity>350.00</Quantity>
      <bIsWeighted>0</bIsWeighted>
      <UnitOfMeasure>100 גרם</UnitOfMeasure>
      <QtyInPackage>1</QtyInPackage>
      <ItemPrice>25.90</ItemPrice>
      <UnitOfMeasurePrice>7.40</UnitOfMeasurePrice>
      <AllowDiscount>1</AllowDiscount>
      <ItemStatus>1</ItemStatus>
    </Item>
    <Item>
      <PriceUpdateDate>2025-10-22 23:00</PriceUpdateDate>
      <ItemCode>8000500431719</ItemCode>
      <ItemType>1</ItemType>
      <ItemName>בונבוניירה פררו גרנד אסורטמנט 202.4 גר</ItemName>
      <ManufacturerName>לא ידוע</ManufacturerName>
      <ManufactureCountry>IT</ManufactureCountry>
      <ManufacturerItemDescription>בונבוניירה פררו גרנד</ManufacturerItemDescription>
      <UnitQty>גרמים</UnitQty>
      <Quantity>202.00</Quantity>
      <bIsWeighted>0</bIsWeighted>
      <UnitOfMeasure>100 גרם</UnitOfMeasure>
      <QtyInPackage>1</QtyInPackage>
      <ItemPrice>59.90</ItemPrice>
      <UnitOfMeasurePrice>29.65</UnitOfMeasurePrice>
      <AllowDiscount>1</AllowDiscount>
      <ItemStatus>1</ItemStatus>
    </Item>
    <Item>
      <PriceUpdateDate>2025-08-01 23:00</PriceUpdateDate>
      <ItemCode>8000500447895</ItemCode>
      <ItemType>1</ItemType>
      <ItemName>שוקולד מריר 70% פררו 90 גר</ItemName>
      <ManufacturerName>לא ידוע</ManufacturerName>
      <ManufactureCountry>IT</ManufactureCountry>
      <ManufacturerItemDescription>שוקולד מריר 70% פררו</ManufacturerItemDescription>
      <UnitQty>גרמים</UnitQty>
      <Quantity>90.00</Quantity>
      <bIsWeighted>0</bIsWeighted>
      <UnitOfMeasure>100 גרם</UnitOfMeasure>
      <QtyInPackage>1</QtyInPackage>
      <ItemPrice>20.90</ItemPrice>
      <UnitOfMeasurePrice>23.22</UnitOfMeasurePrice>
      <AllowDiscount>1</AllowDiscount>
      <ItemStatus>1</ItemStatus>
    </Item>
    <Item>
      <PriceUpdateDate>2025-02-27 09:51</PriceUpdateDate>
      <ItemCode>8000570283607</ItemCode>
      <ItemType>1</ItemType>
      <ItemName>יין מבעבע מרטיני אסטי 750 מ"ל</ItemName>
      <ManufacturerName>לא ידוע</ManufacturerName>
      <ManufactureCountry>איטליה</ManufactureCountry>
      <ManufacturerItemDescription>יין מבעבע מרטיני אסט</ManufacturerItemDescription>
      <UnitQty>מיליליטרים</UnitQty>
      <Quantity>750.00</Quantity>
      <bIsWeighted>0</bIsWeighted>
      <UnitOfMeasure>100 מ"ל</UnitOfMeasure>
      <QtyInPackage>1</QtyInPackage>
      <ItemPrice>89.90</ItemPrice>
      <UnitOfMeasurePrice>11.99</UnitOfMeasurePrice>
      <AllowDiscount>1</AllowDiscount>
      <ItemStatus>1</ItemStatus>
    </Item>
    <Item>
      <PriceUpdateDate>2024-11-18 15:46</PriceUpdateDate>
      <ItemCode>8001090184375</ItemCode>
      <ItemType>1</ItemType>
      <ItemName>נוזל כלים פיירי אוריגינל 900 מ"ל</ItemName>
      <ManufacturerName>לא ידוע</ManufacturerName>
      <ManufactureCountry>בריטניה</ManufactureCountry>
      <ManufacturerItemDescription>נוזל כלים פיירי אורי</ManufacturerItemDescription>
      <UnitQty>מיליליטרים</UnitQty>
      <Quantity>900.00</Quantity>
      <bIsWeighted>0</bIsWeighted>
      <UnitOfMeasure>100 מ"ל</UnitOfMeasure>
      <QtyInPackage>1</QtyInPackage>
      <ItemPrice>17.50</ItemPrice>
      <UnitOfMeasurePrice>1.94</UnitOfMeasurePrice>
      <AllowDiscount>1</AllowDiscount>
      <ItemStatus>1</ItemStatus>
    </Item>
    <Item>
      <PriceUpdateDate>2024-11-18 15:47</PriceUpdateDate>
      <ItemCode>8001090184412</ItemCode>
      <ItemType>1</ItemType>
      <ItemName>נוזל כלים פיירי לימון 900 מ"ל</ItemName>
      <ManufacturerName>לא ידוע</ManufacturerName>
      <ManufactureCountry>בריטניה</ManufactureCountry>
      <ManufacturerItemDescription>נוזל כלים פיירי לימו</ManufacturerItemDescription>
      <UnitQty>מיליליטרים</UnitQty>
      <Quantity>900.00</Quantity>
      <bIsWeighted>0</bIsWeighted>
      <UnitOfMeasure>100 מ"ל</UnitOfMeasure>
      <QtyInPackage>1</QtyInPackage>
      <ItemPrice>17.50</ItemPrice>
      <UnitOfMeasurePrice>1.94</UnitOfMeasurePrice>
      <AllowDiscount>1</AllowDiscount>
      <ItemStatus>1</ItemStatus>
    </Item>
    <Item>
      <PriceUpdateDate>2024-11-25 13:32</PriceUpdateDate>
      <ItemCode>8001090899194</ItemCode>
      <ItemType>1</ItemType>
      <ItemName>תחבושות אולוויז פלטינום נורמל 24 יח</ItemName>
      <ManufacturerName>לא ידוע</ManufacturerName>
      <ManufactureCountry>גרמניה</ManufactureCountry>
      <ManufacturerItemDescription>תחבושות אולוויז פלטי</ManufacturerItemDescription>
      <UnitQty>Unknown</UnitQty>
      <Quantity>0.00</Quantity>
      <bIsWeighted>0</bIsWeighted>
      <UnitOfMeasure>Unknown</UnitOfMeasure>
      <QtyInPackage>1</QtyInPackage>
      <ItemPrice>31.90</ItemPrice>
      <UnitOfMeasurePrice>31.90</UnitOfMeasurePrice>
      <AllowDiscount>1</AllowDiscount>
      <ItemStatus>1</ItemStatus>
    </Item>
    <Item>
      <PriceUpdateDate>2024-11-18 15:51</PriceUpdateDate>
      <ItemCode>8001090899286</ItemCode>
      <ItemType>1</ItemType>
      <ItemName>תחבושות אולוויז פלטינום לילה בטוח 14 יח</ItemName>
      <ManufacturerName>לא ידוע</ManufacturerName>
      <ManufactureCountry>DE</ManufactureCountry>
      <ManufacturerItemDescription>תחבושות אולוויז פלטי</ManufacturerItemDescription>
      <UnitQty>Unknown</UnitQty>
      <Quantity>0.00</Quantity>
      <bIsWeighted>0</bIsWeighted>
      <UnitOfMeasure>Unknown</UnitOfMeasure>
      <QtyInPackage>1</QtyInPackage>
      <ItemPrice>31.90</ItemPrice>
      <UnitOfMeasurePrice>31.90</UnitOfMeasurePrice>
      <AllowDiscount>1</AllowDiscount>
      <ItemStatus>1</ItemStatus>
    </Item>
    <Item>
      <PriceUpdateDate>2025-02-24 10:59</PriceUpdateDate>
      <ItemCode>8001100051055</ItemCode>
      <ItemType>1</ItemType>
      <ItemName>עוגת פנטונה עם צימוקים בציפוי אגוזי 750ג</ItemName>
      <ManufacturerName>לא ידוע</ManufacturerName>
      <ManufactureCountry>לא ידוע</ManufactureCountry>
      <ManufacturerItemDescription>עוגת פנטונה עם צימוק</ManufacturerItemDescription>
      <UnitQty>גרמים</UnitQty>
      <Quantity>750.00</Quantity>
      <bIsWeighted>0</bIsWeighted>
      <UnitOfMeasure>100 גרם</UnitOfMeasure>
      <QtyInPackage>1</QtyInPackage>
      <ItemPrice>72.90</ItemPrice>
      <UnitOfMeasurePrice>9.72</UnitOfMeasurePrice>
      <AllowDiscount>1</AllowDiscount>
      <ItemStatus>1</ItemStatus>
    </Item>
    <Item>
      <PriceUpdateDate>2025-02-24 10:55</PriceUpdateDate>
      <ItemCode>8001100058979</ItemCode>
      <ItemType>1</ItemType>
      <ItemName>עוגת פנטונה בציפוי סוכר 750 גרם</ItemName>
      <ManufacturerName>לא ידוע</ManufacturerName>
      <ManufactureCountry>IT</ManufactureCountry>
      <ManufacturerItemDescription>עוגת פנדורו בחושה קל</ManufacturerItemDescription>
      <UnitQty>גרמים</UnitQty>
      <Quantity>750.00</Quantity>
      <bIsWeighted>0</bIsWeighted>
      <UnitOfMeasure>100 גרם</UnitOfMeasure>
      <QtyInPackage>1</QtyInPackage>
      <ItemPrice>72.90</ItemPrice>
      <UnitOfMeasurePrice>9.72</UnitOfMeasurePrice>
      <AllowDiscount>1</AllowDiscount>
      <ItemStatus>1</ItemStatus>
    </Item>
    <Item>
      <PriceUpdateDate>2025-02-27 10:00</PriceUpdateDate>
      <ItemCode>8001100062518</ItemCode>
      <ItemType>1</ItemType>
      <ItemName>פנטונה 750 גרם PANDORO פח</ItemName>
      <ManufacturerName>לא ידוע</ManufacturerName>
      <ManufactureCountry>לא ידוע</ManufactureCountry>
      <ManufacturerItemDescription>פנטונה 750 גרם PANDO</ManufacturerItemDescription>
      <UnitQty>גרמים</UnitQty>
      <Quantity>750.00</Quantity>
      <bIsWeighted>0</bIsWeighted>
      <UnitOfMeasure>100 גרם</UnitOfMeasure>
      <QtyInPackage>1</QtyInPackage>
      <ItemPrice>102.90</ItemPrice>
      <UnitOfMeasurePrice>13.72</UnitOfMeasurePrice>
      <AllowDiscount>1</AllowDiscount>
      <ItemStatus>1</ItemStatus>
    </Item>
    <Item>
      <PriceUpdateDate>2025-02-27 10:00</PriceUpdateDate>
      <ItemCode>8001100063690</ItemCode>
      <ItemType>1</ItemType>
      <ItemName>פנדורו במילוי קרם טירמיסו 800 גר Balocco</ItemName>
      <ManufacturerName>לא ידוע</ManufacturerName>
      <ManufactureCountry>IT</ManufactureCountry>
      <ManufacturerItemDescription>פנדורו במילוי קרם   </ManufacturerItemDescription>
      <UnitQty>גרמים</UnitQty>
      <Quantity>800.00</Quantity>
      <bIsWeighted>0</bIsWeighted>
      <UnitOfMeasure>100 גרם</UnitOfMeasure>
      <QtyInPackage>1</QtyInPackage>
      <ItemPrice>79.90</ItemPrice>
      <UnitOfMeasurePrice>9.99</UnitOfMeasurePrice>
      <AllowDiscount>1</AllowDiscount>
      <ItemStatus>1</ItemStatus>
    </Item>
    <Item>
      <PriceUpdateDate>2025-02-27 09:59</PriceUpdateDate>
      <ItemCode>8001100070810</ItemCode>
      <ItemType>1</ItemType>
      <ItemName>עוגת פיסטוק ואגוזי לוז 400 גרם</ItemName>
      <ManufacturerName>לא ידוע</ManufacturerName>
      <ManufactureCountry>לא ידוע</ManufactureCountry>
      <ManufacturerItemDescription>עוגת פיסטוק ואגוזי ל</ManufacturerItemDescription>
      <UnitQty>גרמים</UnitQty>
      <Quantity>400.00</Quantity>
      <bIsWeighted>0</bIsWeighted>
      <UnitOfMeasure>100 גרם</UnitOfMeasure>
      <QtyInPackage>1</QtyInPackage>
      <ItemPrice>39.90</ItemPrice>
      <UnitOfMeasurePrice>9.98</UnitOfMeasurePrice>
      <AllowDiscount>1</AllowDiscount>
      <ItemStatus>1</ItemStatus>
    </Item>
    <Item>
      <PriceUpdateDate>2025-03-11 11:39</PriceUpdateDate>
      <ItemCode>8001200045039</ItemCode>
      <ItemType>1</ItemType>
      <ItemName>פסטה ספגטי מס.3 500 גר Agnesi</ItemName>
      <ManufacturerName>לא ידוע</ManufacturerName>
      <ManufactureCountry>IT</ManufactureCountry>
      <ManufacturerItemDescription>פסטה ספגטי מס 3     </ManufacturerItemDescription>
      <UnitQty>גרמים</UnitQty>
      <Quantity>500.00</Quantity>
      <bIsWeighted>0</bIsWeighted>
      <UnitOfMeasure>100 גרם</UnitOfMeasure>
      <QtyInPackage>1</QtyInPackage>
      <ItemPrice>12.10</ItemPrice>
      <UnitOfMeasurePrice>2.42</UnitOfMeasurePrice>
      <AllowDiscount>1</AllowDiscount>
      <ItemStatus>1</ItemStatus>
    </Item>
    <Item>
      <PriceUpdateDate>2025-03-11 11:40</PriceUpdateDate>
      <ItemCode>8001200045053</ItemCode>
      <ItemType>1</ItemType>
      <ItemName>פסטה ספגטיני מס.2 500 גר Agnesi</ItemName>
      <ManufacturerName>לא ידוע</ManufacturerName>
      <ManufactureCountry>IT</ManufactureCountry>
      <ManufacturerItemDescription>פסטה ספגטיני מס.2   </ManufacturerItemDescription>
      <UnitQty>גרמים</UnitQty>
      <Quantity>500.00</Quantity>
      <bIsWeighted>0</bIsWeighted>
      <UnitOfMeasure>100 גרם</UnitOfMeasure>
      <QtyInPackage>1</QtyInPackage>
      <ItemPrice>12.10</ItemPrice>
      <UnitOfMeasurePrice>2.42</UnitOfMeasurePrice>
      <AllowDiscount>1</AllowDiscount>
      <ItemStatus>1</ItemStatus>
    </Item>
    <Item>
      <PriceUpdateDate>2025-03-11 11:40</PriceUpdateDate>
      <ItemCode>8001200045190</ItemCode>
      <ItemType>1</ItemType>
      <ItemName>פסטה אליציה מס.56 500 גר Agnesi</ItemName>
      <ManufacturerName>לא ידוע</ManufacturerName>
      <ManufactureCountry />
      <ManufacturerItemDescription>פסטה אליציה מס.56 50</ManufacturerItemDescription>
      <UnitQty>גרמים</UnitQty>
      <Quantity>500.00</Quantity>
      <bIsWeighted>0</bIsWeighted>
      <UnitOfMeasure>100 גרם</UnitOfMeasure>
      <QtyInPackage>1</QtyInPackage>
      <ItemPrice>12.10</ItemPrice>
      <UnitOfMeasurePrice>2.42</UnitOfMeasurePrice>
      <AllowDiscount>1</AllowDiscount>
      <ItemStatus>1</ItemStatus>
    </Item>
    <Item>
      <PriceUpdateDate>2025-02-27 10:00</PriceUpdateDate>
      <ItemCode>8001200045299</ItemCode>
      <ItemType>1</ItemType>
      <ItemName>פסטה פנה ריגטה 500 גר Agnesi</ItemName>
      <ManufacturerName>לא ידוע</ManufacturerName>
      <ManufactureCountry>IT</ManufactureCountry>
      <ManufacturerItemDescription>פסטה פנה ריגטה 500 ג</ManufacturerItemDescription>
      <UnitQty>גרמים</UnitQty>
      <Quantity>500.00</Quantity>
      <bIsWeighted>0</bIsWeighted>
      <UnitOfMeasure>100 גרם</UnitOfMeasure>
      <QtyInPackage>1</QtyInPackage>
      <ItemPrice>12.10</ItemPrice>
      <UnitOfMeasurePrice>2.42</UnitOfMeasurePrice>
      <AllowDiscount>1</AllowDiscount>
      <ItemStatus>1</ItemStatus>
    </Item>
    <Item>
      <PriceUpdateDate>2025-03-11 08:24</PriceUpdateDate>
      <ItemCode>8001200045374</ItemCode>
      <ItemType>1</ItemType>
      <ItemName>פסטה צילנטני מסולסל 500 גר Agnesi</ItemName>
      <ManufacturerName>לא ידוע</ManufacturerName>
      <ManufactureCountry />
      <ManufacturerItemDescription>פסטה צילנטני מסולסל </ManufacturerItemDescription>
      <UnitQty>גרמים</UnitQty>
      <Quantity>500.00</Quantity>
      <bIsWeighted>0</bIsWeighted>
      <UnitOfMeasure>100 גרם</UnitOfMeasure>
      <QtyInPackage>1</QtyInPackage>
      <ItemPrice>12.10</ItemPrice>
      <UnitOfMeasurePrice>2.42</UnitOfMeasurePrice>
      <AllowDiscount>1</AllowDiscount>
      <ItemStatus>1</ItemStatus>
    </Item>
    <Item>
      <PriceUpdateDate>2025-03-11 11:40</PriceUpdateDate>
      <ItemCode>8001200045473</ItemCode>
      <ItemType>1</ItemType>
      <ItemName>פסטה ריגטוני 500 גר Agnesi</ItemName>
      <ManufacturerName>לא ידוע</ManufacturerName>
      <ManufactureCountry />
      <ManufacturerItemDescription>פסטה ריגטוני 500 גר </ManufacturerItemDescription>
      <UnitQty>גרמים</UnitQty>
      <Quantity>500.00</Quantity>
      <bIsWeighted>0</bIsWeighted>
      <UnitOfMeasure>100 גרם</UnitOfMeasure>
      <QtyInPackage>1</QtyInPackage>
      <ItemPrice>12.10</ItemPrice>
      <UnitOfMeasurePrice>2.42</UnitOfMeasurePrice>
      <AllowDiscount>1</AllowDiscount>
      <ItemStatus>1</ItemStatus>
    </Item>
    <Item>
      <PriceUpdateDate>2025-03-11 11:40</PriceUpdateDate>
      <ItemCode>8001200045978</ItemCode>
      <ItemType>1</ItemType>
      <ItemName>פסטה פפרדלה ביצים 250 גר Agnesi</ItemName>
      <ManufacturerName>לא ידוע</ManufacturerName>
      <ManufactureCountry />
      <ManufacturerItemDescription>פסטה פפרדלה ביצים 25</ManufacturerItemDescription>
      <UnitQty>גרמים</UnitQty>
      <Quantity>250.00</Quantity>
      <bIsWeighted>0</bIsWeighted>
      <UnitOfMeasure>100 גרם</UnitOfMeasure>
      <QtyInPackage>1</QtyInPackage>
      <ItemPrice>15.20</ItemPrice>
      <UnitOfMeasurePrice>6.08</UnitOfMeasurePrice>
      <AllowDiscount>1</AllowDiscount>
      <ItemStatus>1</ItemStatus>
    </Item>
    <Item>
      <PriceUpdateDate>2024-07-17 08:34</PriceUpdateDate>
      <ItemCode>8001291020014</ItemCode>
      <ItemType>1</ItemType>
      <ItemName>ריקאסולי קיאנטי קלאסיקו ברוליו 750 מל</ItemName>
      <ManufacturerName>לא ידוע</ManufacturerName>
      <ManufactureCountry>לא ידוע</ManufactureCountry>
      <ManufacturerItemDescription>ריקאסולי קיאנטי קלאס</ManufacturerItemDescription>
      <UnitQty>Unknown</UnitQty>
      <Quantity>0.00</Quantity>
      <bIsWeighted>0</bIsWeighted>
      <UnitOfMeasure>Unknown</UnitOfMeasure>
      <QtyInPackage>1</QtyInPackage>
      <ItemPrice>95.90</ItemPrice>
      <UnitOfMeasurePrice>95.90</UnitOfMeasurePrice>
      <AllowDiscount>1</AllowDiscount>
      <ItemStatus>1</ItemStatus>
    </Item>
    <Item>
      <PriceUpdateDate>2025-01-15 10:18</PriceUpdateDate>
      <ItemCode>8001291057515</ItemCode>
      <ItemType>1</ItemType>
      <ItemName>ברון קיאנטי דל ברון ריקאסולי 750 מל</ItemName>
      <ManufacturerName>לא ידוע</ManufacturerName>
      <ManufactureCountry>לא ידוע</ManufactureCountry>
      <ManufacturerItemDescription>ברון קיאנטי דל ברון </ManufacturerItemDescription>
      <UnitQty>Unknown</UnitQty>
      <Quantity>0.00</Quantity>
      <bIsWeighted>0</bIsWeighted>
      <UnitOfMeasure>Unknown</UnitOfMeasure>
      <QtyInPackage>1</QtyInPackage>
      <ItemPrice>56.90</ItemPrice>
      <UnitOfMeasurePrice>56.90</UnitOfMeasurePrice>
      <AllowDiscount>1</AllowDiscount>
      <ItemStatus>1</ItemStatus>
    </Item>
    <Item>
      <PriceUpdateDate>2024-07-17 08:35</PriceUpdateDate>
      <ItemCode>8001291927511</ItemCode>
      <ItemType>1</ItemType>
      <ItemName>יין ריקאסולי, טראפולה, רוסו 750 מ"ל</ItemName>
      <ManufacturerName>לא ידוע</ManufacturerName>
      <ManufactureCountry />
      <ManufacturerItemDescription>יין ריקאסולי, טראפול</ManufacturerItemDescription>
      <UnitQty>Unknown</UnitQty>
      <Quantity>0.00</Quantity>
      <bIsWeighted>0</bIsWeighted>
      <UnitOfMeasure>Unknown</UnitOfMeasure>
      <QtyInPackage>1</QtyInPackage>
      <ItemPrice>79.90</ItemPrice>
      <UnitOfMeasurePrice>79.90</UnitOfMeasurePrice>
      <AllowDiscount>1</AllowDiscount>
      <ItemStatus>1</ItemStatus>
    </Item>
    <Item>
      <PriceUpdateDate>2024-07-17 08:35</PriceUpdateDate>
      <ItemCode>8001387287109</ItemCode>
      <ItemType>1</ItemType>
      <ItemName>קונטיזקה קוואטרו קונטי פרימיטיבו 750 מל</ItemName>
      <ManufacturerName>לא ידוע</ManufacturerName>
      <ManufactureCountry>IT</ManufactureCountry>
      <ManufacturerItemDescription>קונטי זקה קוואטרו קו</ManufacturerItemDescription>
      <UnitQty>מיליליטרים</UnitQty>
      <Quantity>750.00</Quantity>
      <bIsWeighted>0</bIsWeighted>
      <UnitOfMeasure>100 מ"ל</UnitOfMeasure>
      <QtyInPackage>1</QtyInPackage>
      <ItemPrice>57.90</ItemPrice>
      <UnitOfMeasurePrice>7.72</UnitOfMeasurePrice>
      <AllowDiscount>1</AllowDiscount>
      <ItemStatus>1</ItemStatus>
    </Item>
    <Item>
      <PriceUpdateDate>2024-07-17 08:32</PriceUpdateDate>
      <ItemCode>8001387413010</ItemCode>
      <ItemType>1</ItemType>
      <ItemName>יין סאי פורטה, פוליה ( מספר 6  )  750 מ</ItemName>
      <ManufacturerName>לא ידוע</ManufacturerName>
      <ManufactureCountry>IT</ManufactureCountry>
      <ManufacturerItemDescription>יין סאי פורטה פוליה </ManufacturerItemDescription>
      <UnitQty>Unknown</UnitQty>
      <Quantity>0.00</Quantity>
      <bIsWeighted>0</bIsWeighted>
      <UnitOfMeasure>Unknown</UnitOfMeasure>
      <QtyInPackage>1</QtyInPackage>
      <ItemPrice>76.90</ItemPrice>
      <UnitOfMeasurePrice>76.90</UnitOfMeasurePrice>
      <AllowDiscount>1</AllowDiscount>
      <ItemStatus>1</ItemStatus>
    </Item>
    <Item>
      <PriceUpdateDate>2025-03-25 07:08</PriceUpdateDate>
      <ItemCode>8001440118944</ItemCode>
      <ItemType>1</ItemType>
      <ItemName>עגבניות פולפה 3*400 גר CIRIO</ItemName>
      <ManufacturerName>לא ידוע</ManufacturerName>
      <ManufactureCountry>איטליה</ManufactureCountry>
      <ManufacturerItemDescription>עגבניות פולפה 3*400 </ManufacturerItemDescription>
      <UnitQty>קילוגרמים</UnitQty>
      <Quantity>0.00</Quantity>
      <bIsWeighted>0</bIsWeighted>
      <UnitOfMeasure>ק"ג</UnitOfMeasure>
      <QtyInPackage>1</QtyInPackage>
      <ItemPrice>23.90</ItemPrice>
      <UnitOfMeasurePrice>23.90</UnitOfMeasurePrice>
      <AllowDiscount>1</AllowDiscount>
      <ItemStatus>1</ItemStatus>
    </Item>
    <Item>
      <PriceUpdateDate>2025-02-27 09:57</PriceUpdateDate>
      <ItemCode>8001637404195</ItemCode>
      <ItemType>1</ItemType>
      <ItemName>גורגונזולה דולצה 150 גרם</ItemName>
      <ManufacturerName>לא ידוע</ManufacturerName>
      <ManufactureCountry>לא ידוע</ManufactureCountry>
      <ManufacturerItemDescription>גורגונזולה דולצה 150</ManufacturerItemDescription>
      <UnitQty>גרמים</UnitQty>
      <Quantity>150.00</Quantity>
      <bIsWeighted>0</bIsWeighted>
      <UnitOfMeasure>100 גרם</UnitOfMeasure>
      <QtyInPackage>1</QtyInPackage>
      <ItemPrice>47.50</ItemPrice>
      <UnitOfMeasurePrice>31.67</UnitOfMeasurePrice>
      <AllowDiscount>1</AllowDiscount>
      <ItemStatus>1</ItemStatus>
    </Item>
    <Item>
      <PriceUpdateDate>2025-09-05 23:00</PriceUpdateDate>
      <ItemCode>8001665128728</ItemCode>
      <ItemType>1</ItemType>
      <ItemName>רביולי פסטו ירוק 250 ג - Rana</ItemName>
      <ManufacturerName>פסטיפיסיו רנה אס.פ.איי</ManufacturerName>
      <ManufactureCountry>IT</ManufactureCountry>
      <ManufacturerItemDescription>רביולי פסטו ירוק 250</ManufacturerItemDescription>
      <UnitQty>גרמים</UnitQty>
      <Quantity>250.00</Quantity>
      <bIsWeighted>0</bIsWeighted>
      <UnitOfMeasure>100 גרם</UnitOfMeasure>
      <QtyInPackage>1</QtyInPackage>
      <ItemPrice>32.90</ItemPrice>
      <UnitOfMeasurePrice>13.16</UnitOfMeasurePrice>
      <AllowDiscount>1</AllowDiscount>
      <ItemStatus>1</ItemStatus>
    </Item>
    <Item>
      <PriceUpdateDate>2025-03-25 07:09</PriceUpdateDate>
      <ItemCode>8001841893990</ItemCode>
      <ItemType>1</ItemType>
      <ItemName>טבליות למדיח פלטינום פיירי 37 יחידות</ItemName>
      <ManufacturerName>לא ידוע</ManufacturerName>
      <ManufactureCountry>לא ידוע</ManufactureCountry>
      <ManufacturerItemDescription>טבליות למדיח פלטינום</ManufacturerItemDescription>
      <UnitQty>יחידה</UnitQty>
      <Quantity>1.00</Quantity>
      <bIsWeighted>0</bIsWeighted>
      <UnitOfMeasure>יחידה</UnitOfMeasure>
      <QtyInPackage>1</QtyInPackage>
      <ItemPrice>52.90</ItemPrice>
      <UnitOfMeasurePrice>52.90</UnitOfMeasurePrice>
      <AllowDiscount>1</AllowDiscount>
      <ItemStatus>1</ItemStatus>
    </Item>
    <Item>
      <PriceUpdateDate>2025-03-06 18:44</PriceUpdateDate>
      <ItemCode>8002267002270</ItemCode>
      <ItemType>1</ItemType>
      <ItemName>פולרטי חטיף קרח בטעם פירות 240 גר DOLFIN</ItemName>
      <ManufacturerName>לא ידוע</ManufacturerName>
      <ManufactureCountry>לא ידוע</ManufactureCountry>
      <ManufacturerItemDescription>פולרטי חטיף קרח בטעם</ManufacturerItemDescription>
      <UnitQty>גרמים</UnitQty>
      <Quantity>240.00</Quantity>
      <bIsWeighted>0</bIsWeighted>
      <UnitOfMeasure>100 גרם</UnitOfMeasure>
      <QtyInPackage>1</QtyInPackage>
      <ItemPrice>14.50</ItemPrice>
      <UnitOfMeasurePrice>6.04</UnitOfMeasurePrice>
      <AllowDiscount>1</AllowDiscount>
      <ItemStatus>1</ItemStatus>
    </Item>
    <Item>
      <PriceUpdateDate>2024-10-10 18:15</PriceUpdateDate>
      <ItemCode>8002270866524</ItemCode>
      <ItemType>1</ItemType>
      <ItemName>סאן פלגרינו 1 ליטר</ItemName>
      <ManufacturerName>לא ידוע</ManufacturerName>
      <ManufactureCountry>לא ידוע</ManufactureCountry>
      <ManufacturerItemDescription>סאן פלגרינו 1 ליטר  </ManufacturerItemDescription>
      <UnitQty>מיליליטרים</UnitQty>
      <Quantity>1000.00</Quantity>
      <bIsWeighted>0</bIsWeighted>
      <UnitOfMeasure>100 מ"ל</UnitOfMeasure>
      <QtyInPackage>1</QtyInPackage>
      <ItemPrice>12.00</ItemPrice>
      <UnitOfMeasurePrice>1.20</UnitOfMeasurePrice>
      <AllowDiscount>1</AllowDiscount>
      <ItemStatus>1</ItemStatus>
    </Item>
    <Item>
      <PriceUpdateDate>2024-07-17 08:35</PriceUpdateDate>
      <ItemCode>8002305008370</ItemCode>
      <ItemType>1</ItemType>
      <ItemName>רוקה דלה מאציה מנדוס פרימיטיבו 750 מ"ל</ItemName>
      <ManufacturerName>לא ידוע</ManufacturerName>
      <ManufactureCountry>לא ידוע</ManufactureCountry>
      <ManufacturerItemDescription>רוקה דלה מאציה מנדוס</ManufacturerItemDescription>
      <UnitQty>Unknown</UnitQty>
      <Quantity>0.00</Quantity>
      <bIsWeighted>0</bIsWeighted>
      <UnitOfMeasure>Unknown</UnitOfMeasure>
      <QtyInPackage>1</QtyInPackage>
      <ItemPrice>86.90</ItemPrice>
      <UnitOfMeasurePrice>86.90</UnitOfMeasurePrice>
      <AllowDiscount>1</AllowDiscount>
      <ItemStatus>1</ItemStatus>
    </Item>
    <Item>
      <PriceUpdateDate>2024-11-25 13:34</PriceUpdateDate>
      <ItemCode>8002371000674</ItemCode>
      <ItemType>1</ItemType>
      <ItemName>אנטונלי-קרואסון קרם פטיסייר 250 גר</ItemName>
      <ManufacturerName>לא ידוע</ManufacturerName>
      <ManufactureCountry>איטליה</ManufactureCountry>
      <ManufacturerItemDescription>אנטונלי-קרואסון קרם </ManufacturerItemDescription>
      <UnitQty>גרמים</UnitQty>
      <Quantity>250.00</Quantity>
      <bIsWeighted>0</bIsWeighted>
      <UnitOfMeasure>100 גרם</UnitOfMeasure>
      <QtyInPackage>1</QtyInPackage>
      <ItemPrice>19.90</ItemPrice>
      <UnitOfMeasurePrice>7.96</UnitOfMeasurePrice>
      <AllowDiscount>1</AllowDiscount>
      <ItemStatus>1</ItemStatus>
    </Item>
    <Item>
      <PriceUpdateDate>2024-11-28 08:38</PriceUpdateDate>
      <ItemCode>8002371004061</ItemCode>
      <ItemType>1</ItemType>
      <ItemName>אנטונלי-קרואסון שוקולד וחלב 250 גר</ItemName>
      <ManufacturerName>לא ידוע</ManufacturerName>
      <ManufactureCountry>איטליה</ManufactureCountry>
      <ManufacturerItemDescription>אנטונלי-קרואסון שוקו</ManufacturerItemDescription>
      <UnitQty>גרמים</UnitQty>
      <Quantity>250.00</Quantity>
      <bIsWeighted>0</bIsWeighted>
      <UnitOfMeasure>100 גרם</UnitOfMeasure>
      <QtyInPackage>1</QtyInPackage>
      <ItemPrice>19.90</ItemPrice>
      <UnitOfMeasurePrice>7.96</UnitOfMeasurePrice>
      <AllowDiscount>1</AllowDiscount>
      <ItemStatus>1</ItemStatus>
    </Item>
    <Item>
      <PriceUpdateDate>2024-11-26 07:49</PriceUpdateDate>
      <ItemCode>8002590045388</ItemCode>
      <ItemType>1</ItemType>
      <ItemName>טוסט קלאסי 320 גרם COLUSSI</ItemName>
      <ManufacturerName>לא ידוע</ManufacturerName>
      <ManufactureCountry>לא ידוע</ManufactureCountry>
      <ManufacturerItemDescription>טוסט קלאסי 320 גרם C</ManufacturerItemDescription>
      <UnitQty>גרמים</UnitQty>
      <Quantity>320.00</Quantity>
      <bIsWeighted>0</bIsWeighted>
      <UnitOfMeasure>100 גרם</UnitOfMeasure>
      <QtyInPackage>1</QtyInPackage>
      <ItemPrice>14.50</ItemPrice>
      <UnitOfMeasurePrice>4.53</UnitOfMeasurePrice>
      <AllowDiscount>1</AllowDiscount>
      <ItemStatus>1</ItemStatus>
    </Item>
    <Item>
      <PriceUpdateDate>2025-02-27 09:58</PriceUpdateDate>
      <ItemCode>8002590055417</ItemCode>
      <ItemType>1</ItemType>
      <ItemName>עוגיות קנטוציני שוקולד 175 גרם SAPORI</ItemName>
      <ManufacturerName>לא ידוע</ManufacturerName>
      <ManufactureCountry />
      <ManufacturerItemDescription>עוגיות קנטוציני שוקו</ManufacturerItemDescription>
      <UnitQty>גרמים</UnitQty>
      <Quantity>175.00</Quantity>
      <bIsWeighted>0</bIsWeighted>
      <UnitOfMeasure>100 גרם</UnitOfMeasure>
      <QtyInPackage>1</QtyInPackage>
      <ItemPrice>19.50</ItemPrice>
      <UnitOfMeasurePrice>11.14</UnitOfMeasurePrice>
      <AllowDiscount>1</AllowDiscount>
      <ItemStatus>1</ItemStatus>
    </Item>
    <Item>
      <PriceUpdateDate>2024-04-03 18:18</PriceUpdateDate>
      <ItemCode>8003207997854</ItemCode>
      <ItemType>1</ItemType>
      <ItemName>יין פאבולינו קיאנטי  750 מ"ל</ItemName>
      <ManufacturerName>לא ידוע</ManufacturerName>
      <ManufactureCountry>IT</ManufactureCountry>
      <ManufacturerItemDescription>יין פאבולינו קיאנטי </ManufacturerItemDescription>
      <UnitQty>Unknown</UnitQty>
      <Quantity>0.00</Quantity>
      <bIsWeighted>0</bIsWeighted>
      <UnitOfMeasure>Unknown</UnitOfMeasure>
      <QtyInPackage>1</QtyInPackage>
      <ItemPrice>49.90</ItemPrice>
      <UnitOfMeasurePrice>49.90</UnitOfMeasurePrice>
      <AllowDiscount>1</AllowDiscount>
      <ItemStatus>1</ItemStatus>
    </Item>
    <Item>
      <PriceUpdateDate>2025-02-16 16:32</PriceUpdateDate>
      <ItemCode>8003340091280</ItemCode>
      <ItemType>1</ItemType>
      <ItemName>בונבוניירה לינדור60% 200 גרם</ItemName>
      <ManufacturerName>לא ידוע</ManufacturerName>
      <ManufactureCountry>לא ידוע</ManufactureCountry>
      <ManufacturerItemDescription>בונבוניירה לינדור60%</ManufacturerItemDescription>
      <UnitQty>גרמים</UnitQty>
      <Quantity>200.00</Quantity>
      <bIsWeighted>0</bIsWeighted>
      <UnitOfMeasure>100 גרם</UnitOfMeasure>
      <QtyInPackage>1</QtyInPackage>
      <ItemPrice>49.90</ItemPrice>
      <UnitOfMeasurePrice>24.95</UnitOfMeasurePrice>
      <AllowDiscount>1</AllowDiscount>
      <ItemStatus>1</ItemStatus>
    </Item>
    <Item>
      <PriceUpdateDate>2025-02-26 22:05</PriceUpdateDate>
      <ItemCode>8003340806808</ItemCode>
      <ItemType>1</ItemType>
      <ItemName>שוקולד לינדור לינדט דארק 60% 100 גר</ItemName>
      <ManufacturerName>לא ידוע</ManufacturerName>
      <ManufactureCountry>שוויץ</ManufactureCountry>
      <ManufacturerItemDescription>שוקולד לינדור לינדט </ManufacturerItemDescription>
      <UnitQty>גרמים</UnitQty>
      <Quantity>100.00</Quantity>
      <bIsWeighted>0</bIsWeighted>
      <UnitOfMeasure>100 גרם</UnitOfMeasure>
      <QtyInPackage>1</QtyInPackage>
      <ItemPrice>26.90</ItemPrice>
      <UnitOfMeasurePrice>26.90</UnitOfMeasurePrice>
      <AllowDiscount>1</AllowDiscount>
      <ItemStatus>1</ItemStatus>
    </Item>
    <Item>
      <PriceUpdateDate>2025-03-14 13:57</PriceUpdateDate>
      <ItemCode>8003340806815</ItemCode>
      <ItemType>1</ItemType>
      <ItemName>שוקולד לינדור פיסטוק 100 גר</ItemName>
      <ManufacturerName>לא ידוע</ManufacturerName>
      <ManufactureCountry>איטליה</ManufactureCountry>
      <ManufacturerItemDescription>שוקולד לינדור פיסטוק</ManufacturerItemDescription>
      <UnitQty>גרמים</UnitQty>
      <Quantity>100.00</Quantity>
      <bIsWeighted>0</bIsWeighted>
      <UnitOfMeasure>100 גרם</UnitOfMeasure>
      <QtyInPackage>1</QtyInPackage>
      <ItemPrice>26.90</ItemPrice>
      <UnitOfMeasurePrice>26.90</UnitOfMeasurePrice>
      <AllowDiscount>1</AllowDiscount>
      <ItemStatus>1</ItemStatus>
    </Item>
    <Item>
      <PriceUpdateDate>2025-03-06 18:54</PriceUpdateDate>
      <ItemCode>8003410249313</ItemCode>
      <ItemType>1</ItemType>
      <ItemName>שרוול תערובת קפה אינטנסו עוצמה 12</ItemName>
      <ManufacturerName>לא ידוע</ManufacturerName>
      <ManufactureCountry>IT</ManufactureCountry>
      <ManufacturerItemDescription>תערובת קפה סגפרדו   </ManufacturerItemDescription>
      <UnitQty>Unknown</UnitQty>
      <Quantity>0.00</Quantity>
      <bIsWeighted>0</bIsWeighted>
      <UnitOfMeasure>Unknown</UnitOfMeasure>
      <QtyInPackage>1</QtyInPackage>
      <ItemPrice>25.90</ItemPrice>
      <UnitOfMeasurePrice>25.90</UnitOfMeasurePrice>
      <AllowDiscount>1</AllowDiscount>
      <ItemStatus>1</ItemStatus>
    </Item>
    <Item>
      <PriceUpdateDate>2025-01-30 07:57</PriceUpdateDate>
      <ItemCode>8004030026018</ItemCode>
      <ItemType>1</ItemType>
      <ItemName>ריו מרה אינסלטיסימי מקסיקני עם טונה 160</ItemName>
      <ManufacturerName>לא ידוע</ManufacturerName>
      <ManufactureCountry>לא ידוע</ManufactureCountry>
      <ManufacturerItemDescription>ריו מרה אינסלטיסימי </ManufacturerItemDescription>
      <UnitQty>גרמים</UnitQty>
      <Quantity>160.00</Quantity>
      <bIsWeighted>0</bIsWeighted>
      <UnitOfMeasure>100 גרם</UnitOfMeasure>
      <QtyInPackage>1</QtyInPackage>
      <ItemPrice>19.90</ItemPrice>
      <UnitOfMeasurePrice>12.44</UnitOfMeasurePrice>
      <AllowDiscount>1</AllowDiscount>
      <ItemStatus>1</ItemStatus>
    </Item>
    <Item>
      <PriceUpdateDate>2024-11-28 08:40</PriceUpdateDate>
      <ItemCode>8004030069008</ItemCode>
      <ItemType>1</ItemType>
      <ItemName>רוטב פסטו עם גבינת פרמזן (גנובס)</ItemName>
      <ManufacturerName>לא ידוע</ManufacturerName>
      <ManufactureCountry>איטליה</ManufactureCountry>
      <ManufacturerItemDescription>ריו מרה ממרח טונה   </ManufacturerItemDescription>
      <UnitQty>גרמים</UnitQty>
      <Quantity>100.00</Quantity>
      <bIsWeighted>0</bIsWeighted>
      <UnitOfMeasure>100 גרם</UnitOfMeasure>
      <QtyInPackage>1</QtyInPackage>
      <ItemPrice>23.90</ItemPrice>
      <UnitOfMeasurePrice>23.90</UnitOfMeasurePrice>
      <AllowDiscount>1</AllowDiscount>
      <ItemStatus>1</ItemStatus>
    </Item>
    <Item>
      <PriceUpdateDate>2025-02-24 10:52</PriceUpdateDate>
      <ItemCode>8004030103399</ItemCode>
      <ItemType>1</ItemType>
      <ItemName>ריו מרה טונה בשמן זית רביעיות 80*4 גרם</ItemName>
      <ManufacturerName>לא ידוע</ManufacturerName>
      <ManufactureCountry />
      <ManufacturerItemDescription>ריו מרה טונה בשמן זי</ManufacturerItemDescription>
      <UnitQty>גרמים</UnitQty>
      <Quantity>320.00</Quantity>
      <bIsWeighted>0</bIsWeighted>
      <UnitOfMeasure>100 גרם</UnitOfMeasure>
      <QtyInPackage>1</QtyInPackage>
      <ItemPrice>44.90</ItemPrice>
      <UnitOfMeasurePrice>14.03</UnitOfMeasurePrice>
      <AllowDiscount>1</AllowDiscount>
      <ItemStatus>1</ItemStatus>
    </Item>
    <Item>
      <PriceUpdateDate>2025-01-30 07:57</PriceUpdateDate>
      <ItemCode>8004030271425</ItemCode>
      <ItemType>1</ItemType>
      <ItemName>טונה בשמן זית עם צילי 3*65 גרם</ItemName>
      <ManufacturerName>לא ידוע</ManufacturerName>
      <ManufactureCountry>לא ידוע</ManufactureCountry>
      <ManufacturerItemDescription>טונה בשמן זית עם ציל</ManufacturerItemDescription>
      <UnitQty>גרמים</UnitQty>
      <Quantity>240.00</Quantity>
      <bIsWeighted>0</bIsWeighted>
      <UnitOfMeasure>100 גרם</UnitOfMeasure>
      <QtyInPackage>1</QtyInPackage>
      <ItemPrice>32.90</ItemPrice>
      <UnitOfMeasurePrice>13.71</UnitOfMeasurePrice>
      <AllowDiscount>1</AllowDiscount>
      <ItemStatus>1</ItemStatus>
    </Item>
    <Item>
      <PriceUpdateDate>2025-01-30 07:57</PriceUpdateDate>
      <ItemCode>8004030344938</ItemCode>
      <ItemType>1</ItemType>
      <ItemName>שלישיית טונה ריו מרה 3*80 גרם</ItemName>
      <ManufacturerName>לא ידוע</ManufacturerName>
      <ManufactureCountry>לא ידוע</ManufactureCountry>
      <ManufacturerItemDescription>שלישיית טונה ריו מרה</ManufacturerItemDescription>
      <UnitQty>גרמים</UnitQty>
      <Quantity>240.00</Quantity>
      <bIsWeighted>0</bIsWeighted>
      <UnitOfMeasure>100 גרם</UnitOfMeasure>
      <QtyInPackage>1</QtyInPackage>
      <ItemPrice>32.90</ItemPrice>
      <UnitOfMeasurePrice>13.71</UnitOfMeasurePrice>
      <AllowDiscount>1</AllowDiscount>
      <ItemStatus>1</ItemStatus>
    </Item>
    <Item>
      <PriceUpdateDate>2025-03-06 18:44</PriceUpdateDate>
      <ItemCode>8004030381681</ItemCode>
      <ItemType>1</ItemType>
      <ItemName>טונה בשמן זית זוגות ריו מארה 2*160 גרם</ItemName>
      <ManufacturerName>לא ידוע</ManufacturerName>
      <ManufactureCountry>איטליה</ManufactureCountry>
      <ManufacturerItemDescription>טונה בשמן זית זוגות </ManufacturerItemDescription>
      <UnitQty>גרמים</UnitQty>
      <Quantity>320.00</Quantity>
      <bIsWeighted>0</bIsWeighted>
      <UnitOfMeasure>100 גרם</UnitOfMeasure>
      <QtyInPackage>1</QtyInPackage>
      <ItemPrice>37.90</ItemPrice>
      <UnitOfMeasurePrice>11.84</UnitOfMeasurePrice>
      <AllowDiscount>1</AllowDiscount>
      <ItemStatus>1</ItemStatus>
    </Item>
    <Item>
      <PriceUpdateDate>2024-11-28 08:40</PriceUpdateDate>
      <ItemCode>8004030575004</ItemCode>
      <ItemType>1</ItemType>
      <ItemName>ריו מרה לא.כשר ממרח טונה וצילי חריף 100</ItemName>
      <ManufacturerName>לא ידוע</ManufacturerName>
      <ManufactureCountry>איטליה</ManufactureCountry>
      <ManufacturerItemDescription>ריו מרה ממרח טונה   </ManufacturerItemDescription>
      <UnitQty>גרמים</UnitQty>
      <Quantity>100.00</Quantity>
      <bIsWeighted>0</bIsWeighted>
      <UnitOfMeasure>100 גרם</UnitOfMeasure>
      <QtyInPackage>1</QtyInPackage>
      <ItemPrice>23.90</ItemPrice>
      <UnitOfMeasurePrice>23.90</UnitOfMeasurePrice>
      <AllowDiscount>1</AllowDiscount>
      <ItemStatus>1</ItemStatus>
    </Item>
    <Item>
      <PriceUpdateDate>2025-01-30 07:57</PriceUpdateDate>
      <ItemCode>8004030860001</ItemCode>
      <ItemType>1</ItemType>
      <ItemName>ריו מרה אינסלטיסימי קוסקוס עם טונה 160</ItemName>
      <ManufacturerName>לא ידוע</ManufacturerName>
      <ManufactureCountry>לא ידוע</ManufactureCountry>
      <ManufacturerItemDescription>ריו מרה אינסלטיסימי </ManufacturerItemDescription>
      <UnitQty>גרמים</UnitQty>
      <Quantity>160.00</Quantity>
      <bIsWeighted>0</bIsWeighted>
      <UnitOfMeasure>100 גרם</UnitOfMeasure>
      <QtyInPackage>1</QtyInPackage>
      <ItemPrice>19.90</ItemPrice>
      <UnitOfMeasurePrice>12.44</UnitOfMeasurePrice>
      <AllowDiscount>1</AllowDiscount>
      <ItemStatus>1</ItemStatus>
    </Item>
    <Item>
      <PriceUpdateDate>2025-03-20 12:20</PriceUpdateDate>
      <ItemCode>80042556</ItemCode>
      <ItemType>1</ItemType>
      <ItemName>POLPA עגבניות חתוכות דק 400 גרם MUTTI</ItemName>
      <ManufacturerName>לא ידוע</ManufacturerName>
      <ManufactureCountry>לא ידוע</ManufactureCountry>
      <ManufacturerItemDescription>POLPA עגבניות חתוכות</ManufacturerItemDescription>
      <UnitQty>גרמים</UnitQty>
      <Quantity>400.00</Quantity>
      <bIsWeighted>0</bIsWeighted>
      <UnitOfMeasure>100 גרם</UnitOfMeasure>
      <QtyInPackage>1</QtyInPackage>
      <ItemPrice>12.20</ItemPrice>
      <UnitOfMeasurePrice>3.05</UnitOfMeasurePrice>
      <AllowDiscount>1</AllowDiscount>
      <ItemStatus>1</ItemStatus>
    </Item>
    <Item>
      <PriceUpdateDate>2025-09-16 12:36</PriceUpdateDate>
      <ItemCode>80042563</ItemCode>
      <ItemType>1</ItemType>
      <ItemName>מחית עגבניות קלה 700 גרם</ItemName>
      <ManufacturerName>לא ידוע</ManufacturerName>
      <ManufactureCountry>איטליה</ManufactureCountry>
      <ManufacturerItemDescription>מחית עגבניות קלה 700</ManufacturerItemDescription>
      <UnitQty>גרמים</UnitQty>
      <Quantity>700.00</Quantity>
      <bIsWeighted>0</bIsWeighted>
      <UnitOfMeasure>100 גרם</UnitOfMeasure>
      <QtyInPackage>1</QtyInPackage>
      <ItemPrice>17.90</ItemPrice>
      <UnitOfMeasurePrice>2.56</UnitOfMeasurePrice>
      <AllowDiscount>1</AllowDiscount>
      <ItemStatus>1</ItemStatus>
    </Item>
    <Item>
      <PriceUpdateDate>2025-03-11 11:40</PriceUpdateDate>
      <ItemCode>8004275054418</ItemCode>
      <ItemType>1</ItemType>
      <ItemName>שמן זרעי ענבים 1 ליטר קוריצלי</ItemName>
      <ManufacturerName>לא ידוע</ManufacturerName>
      <ManufactureCountry>לא ידוע</ManufactureCountry>
      <ManufacturerItemDescription>שמן זרעי ענבים 1 ליט</ManufacturerItemDescription>
      <UnitQty>מיליליטרים</UnitQty>
      <Quantity>1000.00</Quantity>
      <bIsWeighted>0</bIsWeighted>
      <UnitOfMeasure>100 מ"ל</UnitOfMeasure>
      <QtyInPackage>1</QtyInPackage>
      <ItemPrice>53.90</ItemPrice>
      <UnitOfMeasurePrice>5.39</UnitOfMeasurePrice>
      <AllowDiscount>1</AllowDiscount>
      <ItemStatus>1</ItemStatus>
    </Item>
    <Item>
      <PriceUpdateDate>2025-02-16 16:31</PriceUpdateDate>
      <ItemCode>8004275058942</ItemCode>
      <ItemType>1</ItemType>
      <ItemName>שמן זית כתית מעולה 750 מ"ל CIRIO</ItemName>
      <ManufacturerName>לא ידוע</ManufacturerName>
      <ManufactureCountry>לא ידוע</ManufactureCountry>
      <ManufacturerItemDescription>שמן זית כתית מעולה 7</ManufacturerItemDescription>
      <UnitQty>מיליליטרים</UnitQty>
      <Quantity>750.00</Quantity>
      <bIsWeighted>0</bIsWeighted>
      <UnitOfMeasure>100 מ"ל</UnitOfMeasure>
      <QtyInPackage>1</QtyInPackage>
      <ItemPrice>54.90</ItemPrice>
      <UnitOfMeasurePrice>7.32</UnitOfMeasurePrice>
      <AllowDiscount>1</AllowDiscount>
      <ItemStatus>1</ItemStatus>
    </Item>
    <Item>
      <PriceUpdateDate>2025-07-27 13:49</PriceUpdateDate>
      <ItemCode>8004275059505</ItemCode>
      <ItemType>1</ItemType>
      <ItemName>חומץ בלסמי ממודנה 500 מל CIRIO</ItemName>
      <ManufacturerName>אנטיצי קולי אס.אר.אל</ManufacturerName>
      <ManufactureCountry>IT</ManufactureCountry>
      <ManufacturerItemDescription>חומץ בלסמי ממודנה 50</ManufacturerItemDescription>
      <UnitQty>מיליליטרים</UnitQty>
      <Quantity>500.00</Quantity>
      <bIsWeighted>0</bIsWeighted>
      <UnitOfMeasure>100 מ"ל</UnitOfMeasure>
      <QtyInPackage>1</QtyInPackage>
      <ItemPrice>23.90</ItemPrice>
      <UnitOfMeasurePrice>4.78</UnitOfMeasurePrice>
      <AllowDiscount>1</AllowDiscount>
      <ItemStatus>1</ItemStatus>
    </Item>
    <Item>
      <PriceUpdateDate>2025-03-06 18:56</PriceUpdateDate>
      <ItemCode>8004275059543</ItemCode>
      <ItemType>1</ItemType>
      <ItemName>חומץ בלסמי ממודנה גלייז 250 מ"ל CIRIO</ItemName>
      <ManufacturerName>לא ידוע</ManufacturerName>
      <ManufactureCountry>לא ידוע</ManufactureCountry>
      <ManufacturerItemDescription>חומץ בלסמי ממודנה   </ManufacturerItemDescription>
      <UnitQty>מיליליטרים</UnitQty>
      <Quantity>250.00</Quantity>
      <bIsWeighted>0</bIsWeighted>
      <UnitOfMeasure>100 מ"ל</UnitOfMeasure>
      <QtyInPackage>1</QtyInPackage>
      <ItemPrice>26.90</ItemPrice>
      <UnitOfMeasurePrice>10.76</UnitOfMeasurePrice>
      <AllowDiscount>1</AllowDiscount>
      <ItemStatus>1</ItemStatus>
    </Item>
    <Item>
      <PriceUpdateDate>2025-01-29 07:08</PriceUpdateDate>
      <ItemCode>8004800002556</ItemCode>
      <ItemType>1</ItemType>
      <ItemName>ק.וופל אגוזי לוז ש.חלב לאגו פלאסיר 200 ג</ItemName>
      <ManufacturerName>לא ידוע</ManufacturerName>
      <ManufactureCountry>איטליה</ManufactureCountry>
      <ManufacturerItemDescription>ק.וופל אגוזי לוז ש.ח</ManufacturerItemDescription>
      <UnitQty>גרמים</UnitQty>
      <Quantity>200.00</Quantity>
      <bIsWeighted>0</bIsWeighted>
      <UnitOfMeasure>100 גרם</UnitOfMeasure>
      <QtyInPackage>1</QtyInPackage>
      <ItemPrice>18.90</ItemPrice>
      <UnitOfMeasurePrice>9.45</UnitOfMeasurePrice>
      <AllowDiscount>1</AllowDiscount>
      <ItemStatus>1</ItemStatus>
    </Item>
    <Item>
      <PriceUpdateDate>2025-09-16 12:36</PriceUpdateDate>
      <ItemCode>80050124</ItemCode>
      <ItemType>1</ItemType>
      <ItemName>סוכריות טיק טק בטעם מנטה</ItemName>
      <ManufacturerName>לא ידוע</ManufacturerName>
      <ManufactureCountry>לא ידוע</ManufactureCountry>
      <ManufacturerItemDescription>סוכריות טיק טק בטעם </ManufacturerItemDescription>
      <UnitQty>גרמים</UnitQty>
      <Quantity>16.00</Quantity>
      <bIsWeighted>0</bIsWeighted>
      <UnitOfMeasure>100 גרם</UnitOfMeasure>
      <QtyInPackage>1</QtyInPackage>
      <ItemPrice>5.00</ItemPrice>
      <UnitOfMeasurePrice>31.25</UnitOfMeasurePrice>
      <AllowDiscount>1</AllowDiscount>
      <ItemStatus>1</ItemStatus>
    </Item>
    <Item>
      <PriceUpdateDate>2025-09-16 12:36</PriceUpdateDate>
      <ItemCode>80050278</ItemCode>
      <ItemType>1</ItemType>
      <ItemName>חטיף פררו רושר שלישיה</ItemName>
      <ManufacturerName>לא ידוע</ManufacturerName>
      <ManufactureCountry>לא ידוע</ManufactureCountry>
      <ManufacturerItemDescription>חטיף פררו רושר שלישי</ManufacturerItemDescription>
      <UnitQty>גרמים</UnitQty>
      <Quantity>37.00</Quantity>
      <bIsWeighted>0</bIsWeighted>
      <UnitOfMeasure>100 גרם</UnitOfMeasure>
      <QtyInPackage>1</QtyInPackage>
      <ItemPrice>9.50</ItemPrice>
      <UnitOfMeasurePrice>25.68</UnitOfMeasurePrice>
      <AllowDiscount>1</AllowDiscount>
      <ItemStatus>1</ItemStatus>
    </Item>
    <Item>
      <PriceUpdateDate>2025-03-25 07:01</PriceUpdateDate>
      <ItemCode>8005110001772</ItemCode>
      <ItemType>1</ItemType>
      <ItemName>מוטי רוטב לפסטה עגבניות פיצוטלו 400 גר</ItemName>
      <ManufacturerName>לא ידוע</ManufacturerName>
      <ManufactureCountry>איטליה</ManufactureCountry>
      <ManufacturerItemDescription>מוטי רוטב לפסטה עגבנ</ManufacturerItemDescription>
      <UnitQty>גרמים</UnitQty>
      <Quantity>400.00</Quantity>
      <bIsWeighted>0</bIsWeighted>
      <UnitOfMeasure>100 גרם</UnitOfMeasure>
      <QtyInPackage>1</QtyInPackage>
      <ItemPrice>17.90</ItemPrice>
      <UnitOfMeasurePrice>4.48</UnitOfMeasurePrice>
      <AllowDiscount>1</AllowDiscount>
      <ItemStatus>1</ItemStatus>
    </Item>
    <Item>
      <PriceUpdateDate>2025-09-16 12:37</PriceUpdateDate>
      <ItemCode>8005110002243</ItemCode>
      <ItemType>1</ItemType>
      <ItemName>רכז עגבניות DOPPIO בשפופרת 185 גרם</ItemName>
      <ManufacturerName>לא ידוע</ManufacturerName>
      <ManufactureCountry>לא ידוע</ManufactureCountry>
      <ManufacturerItemDescription>רכז עגבניות DOPPIO ב</ManufacturerItemDescription>
      <UnitQty>גרמים</UnitQty>
      <Quantity>185.00</Quantity>
      <bIsWeighted>0</bIsWeighted>
      <UnitOfMeasure>100 גרם</UnitOfMeasure>
      <QtyInPackage>1</QtyInPackage>
      <ItemPrice>13.90</ItemPrice>
      <UnitOfMeasurePrice>7.51</UnitOfMeasurePrice>
      <AllowDiscount>1</AllowDiscount>
      <ItemStatus>1</ItemStatus>
    </Item>
    <Item>
      <PriceUpdateDate>2025-03-25 07:01</PriceUpdateDate>
      <ItemCode>8005110002533</ItemCode>
      <ItemType>1</ItemType>
      <ItemName>מוטי רוטב לפסטה עגבניות דטריני 400 גר</ItemName>
      <ManufacturerName>לא ידוע</ManufacturerName>
      <ManufactureCountry>איטליה</ManufactureCountry>
      <ManufacturerItemDescription>מוטי רוטב לפסטה עגבנ</ManufacturerItemDescription>
      <UnitQty>גרמים</UnitQty>
      <Quantity>400.00</Quantity>
      <bIsWeighted>0</bIsWeighted>
      <UnitOfMeasure>100 גרם</UnitOfMeasure>
      <QtyInPackage>1</QtyInPackage>
      <ItemPrice>17.90</ItemPrice>
      <UnitOfMeasurePrice>4.48</UnitOfMeasurePrice>
      <AllowDiscount>1</AllowDiscount>
      <ItemStatus>1</ItemStatus>
    </Item>
    <Item>
      <PriceUpdateDate>2025-09-16 12:35</PriceUpdateDate>
      <ItemCode>8005110170300</ItemCode>
      <ItemType>1</ItemType>
      <ItemName>POLPA עגבניות חתוכות דק 400X3 גרם MUTTI</ItemName>
      <ManufacturerName>לא ידוע</ManufacturerName>
      <ManufactureCountry>לא ידוע</ManufactureCountry>
      <ManufacturerItemDescription>POLPA עגבניות חתוכות</ManufacturerItemDescription>
      <UnitQty>גרמים</UnitQty>
      <Quantity>400.00</Quantity>
      <bIsWeighted>0</bIsWeighted>
      <UnitOfMeasure>100 גרם</UnitOfMeasure>
      <QtyInPackage>1</QtyInPackage>
      <ItemPrice>27.90</ItemPrice>
      <UnitOfMeasurePrice>6.98</UnitOfMeasurePrice>
      <AllowDiscount>1</AllowDiscount>
      <ItemStatus>1</ItemStatus>
    </Item>
    <Item>
      <PriceUpdateDate>2023-11-26 18:43</PriceUpdateDate>
      <ItemCode>8005110191015</ItemCode>
      <ItemType>1</ItemType>
      <ItemName>רסק עגבניות ובזיליקום 700 גרם</ItemName>
      <ManufacturerName>לא ידוע</ManufacturerName>
      <ManufactureCountry>לא ידוע</ManufactureCountry>
      <ManufacturerItemDescription>רסק עגבניות ובזיליקו</ManufacturerItemDescription>
      <UnitQty>גרמים</UnitQty>
      <Quantity>500.00</Quantity>
      <bIsWeighted>0</bIsWeighted>
      <UnitOfMeasure>100 גרם</UnitOfMeasure>
      <QtyInPackage>1</QtyInPackage>
      <ItemPrice>16.90</ItemPrice>
      <UnitOfMeasurePrice>3.38</UnitOfMeasurePrice>
      <AllowDiscount>1</AllowDiscount>
      <ItemStatus>1</ItemStatus>
    </Item>
    <Item>
      <PriceUpdateDate>2025-04-01 08:19</PriceUpdateDate>
      <ItemCode>80052487</ItemCode>
      <ItemType>1</ItemType>
      <ItemName>חטיף רפאלו 1/3 30 גר</ItemName>
      <ManufacturerName>לא ידוע</ManufacturerName>
      <ManufactureCountry>לא ידוע</ManufactureCountry>
      <ManufacturerItemDescription>חטיף רפאלו 1/3 30 גר</ManufacturerItemDescription>
      <UnitQty>גרמים</UnitQty>
      <Quantity>30.00</Quantity>
      <bIsWeighted>0</bIsWeighted>
      <UnitOfMeasure>100 גרם</UnitOfMeasure>
      <QtyInPackage>1</QtyInPackage>
      <ItemPrice>6.90</ItemPrice>
      <UnitOfMeasurePrice>23.00</UnitOfMeasurePrice>
      <AllowDiscount>1</AllowDiscount>
      <ItemStatus>1</ItemStatus>
    </Item>
    <Item>
      <PriceUpdateDate>2024-07-07 17:49</PriceUpdateDate>
      <ItemCode>8005390002667</ItemCode>
      <ItemType>1</ItemType>
      <ItemName>יין פרוסקו ברוט 750 מל</ItemName>
      <ManufacturerName>לא ידוע</ManufacturerName>
      <ManufactureCountry>לא ידוע</ManufactureCountry>
      <ManufacturerItemDescription>יין פרוסקו ברוט 750 </ManufacturerItemDescription>
      <UnitQty>Unknown</UnitQty>
      <Quantity>0.00</Quantity>
      <bIsWeighted>0</bIsWeighted>
      <UnitOfMeasure>Unknown</UnitOfMeasure>
      <QtyInPackage>1</QtyInPackage>
      <ItemPrice>65.90</ItemPrice>
      <UnitOfMeasurePrice>65.90</UnitOfMeasurePrice>
      <AllowDiscount>1</AllowDiscount>
      <ItemStatus>1</ItemStatus>
    </Item>
    <Item>
      <PriceUpdateDate>2024-06-22 18:49</PriceUpdateDate>
      <ItemCode>8005390047460</ItemCode>
      <ItemType>1</ItemType>
      <ItemName>יין פירה ביאנקו לבן סנטורי 750 מ"ל</ItemName>
      <ManufacturerName>לא ידוע</ManufacturerName>
      <ManufactureCountry>IT</ManufactureCountry>
      <ManufacturerItemDescription>יין סרטורי פירה לבן </ManufacturerItemDescription>
      <UnitQty>Unknown</UnitQty>
      <Quantity>0.00</Quantity>
      <bIsWeighted>0</bIsWeighted>
      <UnitOfMeasure>Unknown</UnitOfMeasure>
      <QtyInPackage>1</QtyInPackage>
      <ItemPrice>65.90</ItemPrice>
      <UnitOfMeasurePrice>65.90</UnitOfMeasurePrice>
      <AllowDiscount>1</AllowDiscount>
      <ItemStatus>1</ItemStatus>
    </Item>
    <Item>
      <PriceUpdateDate>2024-07-17 08:36</PriceUpdateDate>
      <ItemCode>8005390048078</ItemCode>
      <ItemType>1</ItemType>
      <ItemName>יין  פירה רוזה סנטורי 750 מ"ל</ItemName>
      <ManufacturerName>לא ידוע</ManufacturerName>
      <ManufactureCountry>IT</ManufactureCountry>
      <ManufacturerItemDescription>יין סרטורי פירה רוזה</ManufacturerItemDescription>
      <UnitQty>Unknown</UnitQty>
      <Quantity>0.00</Quantity>
      <bIsWeighted>0</bIsWeighted>
      <UnitOfMeasure>Unknown</UnitOfMeasure>
      <QtyInPackage>1</QtyInPackage>
      <ItemPrice>65.90</ItemPrice>
      <UnitOfMeasurePrice>65.90</UnitOfMeasurePrice>
      <AllowDiscount>1</AllowDiscount>
      <ItemStatus>1</ItemStatus>
    </Item>
    <Item>
      <PriceUpdateDate>2025-03-20 12:17</PriceUpdateDate>
      <ItemCode>8005469981602</ItemCode>
      <ItemType>1</ItemType>
      <ItemName>פילה אנשובי איטלקי ש.חמניות 80 גר SCALIA</ItemName>
      <ManufacturerName>לא ידוע</ManufacturerName>
      <ManufactureCountry>לא ידוע</ManufactureCountry>
      <ManufacturerItemDescription>פילה אנשובי איטלקי ש</ManufacturerItemDescription>
      <UnitQty>גרמים</UnitQty>
      <Quantity>80.00</Quantity>
      <bIsWeighted>0</bIsWeighted>
      <UnitOfMeasure>100 גרם</UnitOfMeasure>
      <QtyInPackage>1</QtyInPackage>
      <ItemPrice>23.90</ItemPrice>
      <UnitOfMeasurePrice>29.88</UnitOfMeasurePrice>
      <AllowDiscount>1</AllowDiscount>
      <ItemStatus>1</ItemStatus>
    </Item>
    <Item>
      <PriceUpdateDate>2024-07-17 08:32</PriceUpdateDate>
      <ItemCode>8005493000966</ItemCode>
      <ItemType>1</ItemType>
      <ItemName>יין ציטרה קרוסו 750 מל</ItemName>
      <ManufacturerName>לא ידוע</ManufacturerName>
      <ManufactureCountry>לא ידוע</ManufactureCountry>
      <ManufacturerItemDescription>יין ציטרה קרוסו 750 </ManufacturerItemDescription>
      <UnitQty>Unknown</UnitQty>
      <Quantity>0.00</Quantity>
      <bIsWeighted>0</bIsWeighted>
      <UnitOfMeasure>Unknown</UnitOfMeasure>
      <QtyInPackage>1</QtyInPackage>
      <ItemPrice>86.90</ItemPrice>
      <UnitOfMeasurePrice>86.90</UnitOfMeasurePrice>
      <AllowDiscount>1</AllowDiscount>
      <ItemStatus>1</ItemStatus>
    </Item>
    <Item>
      <PriceUpdateDate>2025-03-25 07:06</PriceUpdateDate>
      <ItemCode>8005709201064</ItemCode>
      <ItemType>1</ItemType>
      <ItemName>דפי לזניה גרנד ארמנדו 500 גרם</ItemName>
      <ManufacturerName>לא ידוע</ManufacturerName>
      <ManufactureCountry>לא ידוע</ManufactureCountry>
      <ManufacturerItemDescription>דפי לזניה גרנד ארמנד</ManufacturerItemDescription>
      <UnitQty>גרמים</UnitQty>
      <Quantity>500.00</Quantity>
      <bIsWeighted>0</bIsWeighted>
      <UnitOfMeasure>100 גרם</UnitOfMeasure>
      <QtyInPackage>1</QtyInPackage>
      <ItemPrice>20.50</ItemPrice>
      <UnitOfMeasurePrice>4.10</UnitOfMeasurePrice>
      <AllowDiscount>1</AllowDiscount>
      <ItemStatus>1</ItemStatus>
    </Item>
    <Item>
      <PriceUpdateDate>2025-03-11 15:22</PriceUpdateDate>
      <ItemCode>8005803010357</ItemCode>
      <ItemType>1</ItemType>
      <ItemName>גריסיני קלאסי עם שמן זית ומלח 125 גר</ItemName>
      <ManufacturerName>לא ידוע</ManufacturerName>
      <ManufactureCountry>לא ידוע</ManufactureCountry>
      <ManufacturerItemDescription>גריסיני קלאסי עם שמן</ManufacturerItemDescription>
      <UnitQty>גרמים</UnitQty>
      <Quantity>125.00</Quantity>
      <bIsWeighted>0</bIsWeighted>
      <UnitOfMeasure>100 גרם</UnitOfMeasure>
      <QtyInPackage>1</QtyInPackage>
      <ItemPrice>12.20</ItemPrice>
      <UnitOfMeasurePrice>9.76</UnitOfMeasurePrice>
      <AllowDiscount>1</AllowDiscount>
      <ItemStatus>1</ItemStatus>
    </Item>
    <Item>
      <PriceUpdateDate>2025-03-11 15:22</PriceUpdateDate>
      <ItemCode>8005803010661</ItemCode>
      <ItemType>1</ItemType>
      <ItemName>גריסיני  שומשום 125 גר</ItemName>
      <ManufacturerName>לא ידוע</ManufacturerName>
      <ManufactureCountry>לא ידוע</ManufactureCountry>
      <ManufacturerItemDescription>גריסיני  שומשום 125 </ManufacturerItemDescription>
      <UnitQty>גרמים</UnitQty>
      <Quantity>125.00</Quantity>
      <bIsWeighted>0</bIsWeighted>
      <UnitOfMeasure>100 גרם</UnitOfMeasure>
      <QtyInPackage>1</QtyInPackage>
      <ItemPrice>12.20</ItemPrice>
      <UnitOfMeasurePrice>9.76</UnitOfMeasurePrice>
      <AllowDiscount>1</AllowDiscount>
      <ItemStatus>1</ItemStatus>
    </Item>
    <Item>
      <PriceUpdateDate>2023-01-12 17:51</PriceUpdateDate>
      <ItemCode>8006227000399</ItemCode>
      <ItemType>1</ItemType>
      <ItemName>מנצאטו-לחם פרוס לבן 400 גרם</ItemName>
      <ManufacturerName>לא ידוע</ManufacturerName>
      <ManufactureCountry>איטליה</ManufactureCountry>
      <ManufacturerItemDescription>מנצאטו-לחם פרוס לבן </ManufacturerItemDescription>
      <UnitQty>גרמים</UnitQty>
      <Quantity>400.00</Quantity>
      <bIsWeighted>0</bIsWeighted>
      <UnitOfMeasure>100 גרם</UnitOfMeasure>
      <QtyInPackage>1</QtyInPackage>
      <ItemPrice>16.40</ItemPrice>
      <UnitOfMeasurePrice>4.10</UnitOfMeasurePrice>
      <AllowDiscount>1</AllowDiscount>
      <ItemStatus>1</ItemStatus>
    </Item>
    <Item>
      <PriceUpdateDate>2023-01-12 17:51</PriceUpdateDate>
      <ItemCode>8006227000405</ItemCode>
      <ItemType>1</ItemType>
      <ItemName>סמנצאטו-לחם פרוס חיטה מלאה 400 גרם</ItemName>
      <ManufacturerName>לא ידוע</ManufacturerName>
      <ManufactureCountry>איטליה</ManufactureCountry>
      <ManufacturerItemDescription>סמנצאטו-לחם פרוס חיט</ManufacturerItemDescription>
      <UnitQty>גרמים</UnitQty>
      <Quantity>400.00</Quantity>
      <bIsWeighted>0</bIsWeighted>
      <UnitOfMeasure>100 גרם</UnitOfMeasure>
      <QtyInPackage>1</QtyInPackage>
      <ItemPrice>16.40</ItemPrice>
      <UnitOfMeasurePrice>4.10</UnitOfMeasurePrice>
      <AllowDiscount>1</AllowDiscount>
      <ItemStatus>1</ItemStatus>
    </Item>
    <Item>
      <PriceUpdateDate>2023-01-12 17:48</PriceUpdateDate>
      <ItemCode>8006227001372</ItemCode>
      <ItemType>1</ItemType>
      <ItemName>סמנצאטו לחם לבן שמן זית ללא קשה 400 גר</ItemName>
      <ManufacturerName>לא ידוע</ManufacturerName>
      <ManufactureCountry />
      <ManufacturerItemDescription>סמנצאטו לחם לבן שמן </ManufacturerItemDescription>
      <UnitQty>גרמים</UnitQty>
      <Quantity>400.00</Quantity>
      <bIsWeighted>0</bIsWeighted>
      <UnitOfMeasure>100 גרם</UnitOfMeasure>
      <QtyInPackage>1</QtyInPackage>
      <ItemPrice>21.90</ItemPrice>
      <UnitOfMeasurePrice>5.48</UnitOfMeasurePrice>
      <AllowDiscount>1</AllowDiscount>
      <ItemStatus>1</ItemStatus>
    </Item>
    <Item>
      <PriceUpdateDate>2023-01-12 17:48</PriceUpdateDate>
      <ItemCode>8006227001389</ItemCode>
      <ItemType>1</ItemType>
      <ItemName>סמנצאטו לחם מלא שמן זית ללא קשה 400 גר</ItemName>
      <ManufacturerName>לא ידוע</ManufacturerName>
      <ManufactureCountry />
      <ManufacturerItemDescription>סמנצאטו לחם מלא שמן </ManufacturerItemDescription>
      <UnitQty>גרמים</UnitQty>
      <Quantity>400.00</Quantity>
      <bIsWeighted>0</bIsWeighted>
      <UnitOfMeasure>100 גרם</UnitOfMeasure>
      <QtyInPackage>1</QtyInPackage>
      <ItemPrice>21.90</ItemPrice>
      <UnitOfMeasurePrice>5.48</UnitOfMeasurePrice>
      <AllowDiscount>1</AllowDiscount>
      <ItemStatus>1</ItemStatus>
    </Item>
    <Item>
      <PriceUpdateDate>2025-05-04 09:09</PriceUpdateDate>
      <ItemCode>8006540865828</ItemCode>
      <ItemType>1</ItemType>
      <ItemName>מרכך כביסה לנור ניחוח מאסק פרחים 819 מ"ל</ItemName>
      <ManufacturerName>לא ידוע</ManufacturerName>
      <ManufactureCountry>צרפת</ManufactureCountry>
      <ManufacturerItemDescription>מרכך כביסה לנור ניחו</ManufacturerItemDescription>
      <UnitQty>מיליליטרים</UnitQty>
      <Quantity>819.00</Quantity>
      <bIsWeighted>0</bIsWeighted>
      <UnitOfMeasure>100 מ"ל</UnitOfMeasure>
      <QtyInPackage>1</QtyInPackage>
      <ItemPrice>17.90</ItemPrice>
      <UnitOfMeasurePrice>2.19</UnitOfMeasurePrice>
      <AllowDiscount>1</AllowDiscount>
      <ItemStatus>1</ItemStatus>
    </Item>
    <Item>
      <PriceUpdateDate>2025-05-04 09:09</PriceUpdateDate>
      <ItemCode>8006540888346</ItemCode>
      <ItemType>1</ItemType>
      <ItemName>מרכך כביסה לנור מרוכז מלח ים 798 מ"ל</ItemName>
      <ManufacturerName>לא ידוע</ManufacturerName>
      <ManufactureCountry>צרפת</ManufactureCountry>
      <ManufacturerItemDescription>מרכך כביסה לנור מרוכ</ManufacturerItemDescription>
      <UnitQty>מיליליטרים</UnitQty>
      <Quantity>798.00</Quantity>
      <bIsWeighted>0</bIsWeighted>
      <UnitOfMeasure>100 מ"ל</UnitOfMeasure>
      <QtyInPackage>1</QtyInPackage>
      <ItemPrice>17.90</ItemPrice>
      <UnitOfMeasurePrice>2.24</UnitOfMeasurePrice>
      <AllowDiscount>1</AllowDiscount>
      <ItemStatus>1</ItemStatus>
    </Item>
    <Item>
      <PriceUpdateDate>2025-05-04 09:09</PriceUpdateDate>
      <ItemCode>8006540910320</ItemCode>
      <ItemType>1</ItemType>
      <ItemName>מרכך כביסה לנור מרוכז סחלב 819 מ"ל</ItemName>
      <ManufacturerName>לא ידוע</ManufacturerName>
      <ManufactureCountry>צרפת</ManufactureCountry>
      <ManufacturerItemDescription>מרכך כביסה לנור מרוכ</ManufacturerItemDescription>
      <UnitQty>מיליליטרים</UnitQty>
      <Quantity>819.00</Quantity>
      <bIsWeighted>0</bIsWeighted>
      <UnitOfMeasure>100 מ"ל</UnitOfMeasure>
      <QtyInPackage>1</QtyInPackage>
      <ItemPrice>17.90</ItemPrice>
      <UnitOfMeasurePrice>2.19</UnitOfMeasurePrice>
      <AllowDiscount>1</AllowDiscount>
      <ItemStatus>1</ItemStatus>
    </Item>
    <Item>
      <PriceUpdateDate>2023-09-21 11:09</PriceUpdateDate>
      <ItemCode>8006540951903</ItemCode>
      <ItemType>1</ItemType>
      <ItemName>קפסולות לכביסה אריאל 23 יח בניחוח לנור</ItemName>
      <ManufacturerName>לא ידוע</ManufacturerName>
      <ManufactureCountry>FR</ManufactureCountry>
      <ManufacturerItemDescription>קפסולות לכביסה אריאל</ManufacturerItemDescription>
      <UnitQty>Unknown</UnitQty>
      <Quantity>0.00</Quantity>
      <bIsWeighted>0</bIsWeighted>
      <UnitOfMeasure>Unknown</UnitOfMeasure>
      <QtyInPackage>1</QtyInPackage>
      <ItemPrice>39.90</ItemPrice>
      <UnitOfMeasurePrice>39.90</UnitOfMeasurePrice>
      <AllowDiscount>1</AllowDiscount>
      <ItemStatus>1</ItemStatus>
    </Item>
    <Item>
      <PriceUpdateDate>2025-08-13 14:52</PriceUpdateDate>
      <ItemCode>8006663001073</ItemCode>
      <ItemType>1</ItemType>
      <ItemName>פרמזנו רגאנו איטלקי 200 גרם</ItemName>
      <ManufacturerName>לא ידוע</ManufacturerName>
      <ManufactureCountry>IT</ManufactureCountry>
      <ManufacturerItemDescription>פרמזנו רגאנו איטלקי </ManufacturerItemDescription>
      <UnitQty>גרמים</UnitQty>
      <Quantity>200.00</Quantity>
      <bIsWeighted>0</bIsWeighted>
      <UnitOfMeasure>100 גרם</UnitOfMeasure>
      <QtyInPackage>1</QtyInPackage>
      <ItemPrice>49.90</ItemPrice>
      <UnitOfMeasurePrice>24.95</UnitOfMeasurePrice>
      <AllowDiscount>1</AllowDiscount>
      <ItemStatus>1</ItemStatus>
    </Item>
    <Item>
      <PriceUpdateDate>2025-08-13 14:51</PriceUpdateDate>
      <ItemCode>8006663006672</ItemCode>
      <ItemType>1</ItemType>
      <ItemName>גראנה פדאנה 200 גר</ItemName>
      <ManufacturerName>לא ידוע</ManufacturerName>
      <ManufactureCountry>IT</ManufactureCountry>
      <ManufacturerItemDescription>גרנה פדנו איטלקי    </ManufacturerItemDescription>
      <UnitQty>גרמים</UnitQty>
      <Quantity>200.00</Quantity>
      <bIsWeighted>0</bIsWeighted>
      <UnitOfMeasure>100 גרם</UnitOfMeasure>
      <QtyInPackage>1</QtyInPackage>
      <ItemPrice>39.90</ItemPrice>
      <UnitOfMeasurePrice>19.95</UnitOfMeasurePrice>
      <AllowDiscount>1</AllowDiscount>
      <ItemStatus>1</ItemStatus>
    </Item>
    <Item>
      <PriceUpdateDate>2024-04-20 09:06</PriceUpdateDate>
      <ItemCode>8006890329797</ItemCode>
      <ItemType>1</ItemType>
      <ItemName>בירה מורטי 330 מל בקבוק רביעייה</ItemName>
      <ManufacturerName>לא ידוע</ManufacturerName>
      <ManufactureCountry>איטליה</ManufactureCountry>
      <ManufacturerItemDescription>בירה מורטי 330 מל בק</ManufacturerItemDescription>
      <UnitQty>מיליליטרים</UnitQty>
      <Quantity>1320.00</Quantity>
      <bIsWeighted>0</bIsWeighted>
      <UnitOfMeasure>100 מ"ל</UnitOfMeasure>
      <QtyInPackage>1</QtyInPackage>
      <ItemPrice>39.90</ItemPrice>
      <UnitOfMeasurePrice>3.02</UnitOfMeasurePrice>
      <AllowDiscount>1</AllowDiscount>
      <ItemStatus>1</ItemStatus>
    </Item>
    <Item>
      <PriceUpdateDate>2025-05-22 23:00</PriceUpdateDate>
      <ItemCode>8007150901456</ItemCode>
      <ItemType>1</ItemType>
      <ItemName>שמן לטיגון פריאן 1 ליטר</ItemName>
      <ManufacturerName>לא ידוע</ManufacturerName>
      <ManufactureCountry>איטליה</ManufactureCountry>
      <ManufacturerItemDescription>שמן לטיגון פריאן 1 ל</ManufacturerItemDescription>
      <UnitQty>מיליליטרים</UnitQty>
      <Quantity>1000.00</Quantity>
      <bIsWeighted>0</bIsWeighted>
      <UnitOfMeasure>100 מ"ל</UnitOfMeasure>
      <QtyInPackage>1</QtyInPackage>
      <ItemPrice>27.90</ItemPrice>
      <UnitOfMeasurePrice>2.79</UnitOfMeasurePrice>
      <AllowDiscount>1</AllowDiscount>
      <ItemStatus>1</ItemStatus>
    </Item>
    <Item>
      <PriceUpdateDate>2024-11-28 08:41</PriceUpdateDate>
      <ItemCode>8007150901623</ItemCode>
      <ItemType>1</ItemType>
      <ItemName>שמן זרעי ענבים 1 ליטר + 0.5 ליטר</ItemName>
      <ManufacturerName>לא ידוע</ManufacturerName>
      <ManufactureCountry>לא ידוע</ManufactureCountry>
      <ManufacturerItemDescription>שמן זרעי ענבים 1 ליט</ManufacturerItemDescription>
      <UnitQty>ליטרים</UnitQty>
      <Quantity>0.00</Quantity>
      <bIsWeighted>0</bIsWeighted>
      <UnitOfMeasure>ליטר</UnitOfMeasure>
      <QtyInPackage>1</QtyInPackage>
      <ItemPrice>79.90</ItemPrice>
      <UnitOfMeasurePrice>79.90</UnitOfMeasurePrice>
      <AllowDiscount>1</AllowDiscount>
      <ItemStatus>1</ItemStatus>
    </Item>
    <Item>
      <PriceUpdateDate>2024-10-10 18:15</PriceUpdateDate>
      <ItemCode>8007178120310</ItemCode>
      <ItemType>1</ItemType>
      <ItemName>חומץ בלסמי גקובזי 500 מל</ItemName>
      <ManufacturerName>לא ידוע</ManufacturerName>
      <ManufactureCountry>לא ידוע</ManufactureCountry>
      <ManufacturerItemDescription>חומץ בלסמי גקובזי 50</ManufacturerItemDescription>
      <UnitQty>מיליליטרים</UnitQty>
      <Quantity>500.00</Quantity>
      <bIsWeighted>0</bIsWeighted>
      <UnitOfMeasure>100 מ"ל</UnitOfMeasure>
      <QtyInPackage>1</QtyInPackage>
      <ItemPrice>27.90</ItemPrice>
      <UnitOfMeasurePrice>5.58</UnitOfMeasurePrice>
      <AllowDiscount>1</AllowDiscount>
      <ItemStatus>1</ItemStatus>
    </Item>
    <Item>
      <PriceUpdateDate>2025-09-16 12:36</PriceUpdateDate>
      <ItemCode>8007178223547</ItemCode>
      <ItemType>1</ItemType>
      <ItemName>חומץ בלסמי מצומצם גקובזי 250 מ"ל</ItemName>
      <ManufacturerName>לא ידוע</ManufacturerName>
      <ManufactureCountry>לא ידוע</ManufactureCountry>
      <ManufacturerItemDescription>חומץ בלסמי מצומצם גק</ManufacturerItemDescription>
      <UnitQty>מיליליטרים</UnitQty>
      <Quantity>250.00</Quantity>
      <bIsWeighted>0</bIsWeighted>
      <UnitOfMeasure>100 מ"ל</UnitOfMeasure>
      <QtyInPackage>1</QtyInPackage>
      <ItemPrice>29.90</ItemPrice>
      <UnitOfMeasurePrice>11.96</UnitOfMeasurePrice>
      <AllowDiscount>1</AllowDiscount>
      <ItemStatus>1</ItemStatus>
    </Item>
    <Item>
      <PriceUpdateDate>2025-01-13 10:19</PriceUpdateDate>
      <ItemCode>8007270999012</ItemCode>
      <ItemType>1</ItemType>
      <ItemName>שמן גרעיני ענבים 1 ליטר</ItemName>
      <ManufacturerName>לא ידוע</ManufacturerName>
      <ManufactureCountry>לא ידוע</ManufactureCountry>
      <ManufacturerItemDescription>שמן גרעיני ענבים 1 ל</ManufacturerItemDescription>
      <UnitQty>מיליליטרים</UnitQty>
      <Quantity>1000.00</Quantity>
      <bIsWeighted>0</bIsWeighted>
      <UnitOfMeasure>100 מ"ל</UnitOfMeasure>
      <QtyInPackage>1</QtyInPackage>
      <ItemPrice>57.90</ItemPrice>
      <UnitOfMeasurePrice>5.79</UnitOfMeasurePrice>
      <AllowDiscount>1</AllowDiscount>
      <ItemStatus>1</ItemStatus>
    </Item>
    <Item>
      <PriceUpdateDate>2024-11-25 13:29</PriceUpdateDate>
      <ItemCode>8008660210045</ItemCode>
      <ItemType>1</ItemType>
      <ItemName>מעדן ריבה מנץ אנד גאססר פירות יער 300 גר</ItemName>
      <ManufacturerName>לא ידוע</ManufacturerName>
      <ManufactureCountry>לא ידוע</ManufactureCountry>
      <ManufacturerItemDescription>מעדן ריבה מנץ אנד גא</ManufacturerItemDescription>
      <UnitQty>גרמים</UnitQty>
      <Quantity>300.00</Quantity>
      <bIsWeighted>0</bIsWeighted>
      <UnitOfMeasure>100 גרם</UnitOfMeasure>
      <QtyInPackage>1</QtyInPackage>
      <ItemPrice>24.90</ItemPrice>
      <UnitOfMeasurePrice>8.30</UnitOfMeasurePrice>
      <AllowDiscount>1</AllowDiscount>
      <ItemStatus>1</ItemStatus>
    </Item>
    <Item>
      <PriceUpdateDate>2024-11-25 13:30</PriceUpdateDate>
      <ItemCode>8008660210052</ItemCode>
      <ItemType>1</ItemType>
      <ItemName>מעדן ריבה מנץ אנד גאססר תפוז 320 גר</ItemName>
      <ManufacturerName>לא ידוע</ManufacturerName>
      <ManufactureCountry />
      <ManufacturerItemDescription>מעדן ריבה מנץ אנד גא</ManufacturerItemDescription>
      <UnitQty>גרמים</UnitQty>
      <Quantity>320.00</Quantity>
      <bIsWeighted>0</bIsWeighted>
      <UnitOfMeasure>100 גרם</UnitOfMeasure>
      <QtyInPackage>1</QtyInPackage>
      <ItemPrice>24.90</ItemPrice>
      <UnitOfMeasurePrice>7.78</UnitOfMeasurePrice>
      <AllowDiscount>1</AllowDiscount>
      <ItemStatus>1</ItemStatus>
    </Item>
    <Item>
      <PriceUpdateDate>2024-11-26 07:45</PriceUpdateDate>
      <ItemCode>8008660210069</ItemCode>
      <ItemType>1</ItemType>
      <ItemName>מעדן מנץ אנד גאססר אפרסק פסיפלורה 320 גר</ItemName>
      <ManufacturerName>לא ידוע</ManufacturerName>
      <ManufactureCountry />
      <ManufacturerItemDescription>מעדן מנץ אנד גאססר א</ManufacturerItemDescription>
      <UnitQty>גרמים</UnitQty>
      <Quantity>320.00</Quantity>
      <bIsWeighted>0</bIsWeighted>
      <UnitOfMeasure>100 גרם</UnitOfMeasure>
      <QtyInPackage>1</QtyInPackage>
      <ItemPrice>24.90</ItemPrice>
      <UnitOfMeasurePrice>7.78</UnitOfMeasurePrice>
      <AllowDiscount>1</AllowDiscount>
      <ItemStatus>1</ItemStatus>
    </Item>
    <Item>
      <PriceUpdateDate>2025-03-25 07:05</PriceUpdateDate>
      <ItemCode>8008698002100</ItemCode>
      <ItemType>1</ItemType>
      <ItemName>גריסיני 150 גרם</ItemName>
      <ManufacturerName>לא ידוע</ManufacturerName>
      <ManufactureCountry>לא ידוע</ManufactureCountry>
      <ManufacturerItemDescription>גריסיני 150 גרם     </ManufacturerItemDescription>
      <UnitQty>גרמים</UnitQty>
      <Quantity>150.00</Quantity>
      <bIsWeighted>0</bIsWeighted>
      <UnitOfMeasure>100 גרם</UnitOfMeasure>
      <QtyInPackage>1</QtyInPackage>
      <ItemPrice>29.90</ItemPrice>
      <UnitOfMeasurePrice>19.93</UnitOfMeasurePrice>
      <AllowDiscount>1</AllowDiscount>
      <ItemStatus>1</ItemStatus>
    </Item>
    <Item>
      <PriceUpdateDate>2025-03-11 08:22</PriceUpdateDate>
      <ItemCode>8008698008157</ItemCode>
      <ItemType>1</ItemType>
      <ItemName>עוגיות דבל וניל 150 גרם</ItemName>
      <ManufacturerName>לא ידוע</ManufacturerName>
      <ManufactureCountry>לא ידוע</ManufactureCountry>
      <ManufacturerItemDescription>עוגיות דבל וניל 100 </ManufacturerItemDescription>
      <UnitQty>גרמים</UnitQty>
      <Quantity>100.00</Quantity>
      <bIsWeighted>0</bIsWeighted>
      <UnitOfMeasure>100 גרם</UnitOfMeasure>
      <QtyInPackage>1</QtyInPackage>
      <ItemPrice>16.50</ItemPrice>
      <UnitOfMeasurePrice>16.50</UnitOfMeasurePrice>
      <AllowDiscount>1</AllowDiscount>
      <ItemStatus>1</ItemStatus>
    </Item>
    <Item>
      <PriceUpdateDate>2025-03-25 07:07</PriceUpdateDate>
      <ItemCode>8008698024140</ItemCode>
      <ItemType>1</ItemType>
      <ItemName>לחם ללא גלוטן פאן מולטי גראנו 250 גר</ItemName>
      <ManufacturerName>לא ידוע</ManufacturerName>
      <ManufactureCountry>DE</ManufactureCountry>
      <ManufacturerItemDescription>לחם ללא גלוטן פאן מו</ManufacturerItemDescription>
      <UnitQty>גרמים</UnitQty>
      <Quantity>250.00</Quantity>
      <bIsWeighted>0</bIsWeighted>
      <UnitOfMeasure>100 גרם</UnitOfMeasure>
      <QtyInPackage>1</QtyInPackage>
      <ItemPrice>25.90</ItemPrice>
      <UnitOfMeasurePrice>10.36</UnitOfMeasurePrice>
      <AllowDiscount>1</AllowDiscount>
      <ItemStatus>1</ItemStatus>
    </Item>
    <Item>
      <PriceUpdateDate>2025-03-11 08:06</PriceUpdateDate>
      <ItemCode>8008698026281</ItemCode>
      <ItemType>1</ItemType>
      <ItemName>וופל ממולא ומצופה לל"ג שר 3*30 גרם</ItemName>
      <ManufacturerName>לא ידוע</ManufacturerName>
      <ManufactureCountry>IT</ManufactureCountry>
      <ManufacturerItemDescription>וופל ממולא ומצופה לל</ManufacturerItemDescription>
      <UnitQty>גרמים</UnitQty>
      <Quantity>90.00</Quantity>
      <bIsWeighted>0</bIsWeighted>
      <UnitOfMeasure>100 גרם</UnitOfMeasure>
      <QtyInPackage>1</QtyInPackage>
      <ItemPrice>27.90</ItemPrice>
      <UnitOfMeasurePrice>31.00</UnitOfMeasurePrice>
      <AllowDiscount>1</AllowDiscount>
      <ItemStatus>1</ItemStatus>
    </Item>
    <Item>
      <PriceUpdateDate>2025-03-11 08:21</PriceUpdateDate>
      <ItemCode>8008698032770</ItemCode>
      <ItemType>1</ItemType>
      <ItemName>מדלן עוגה אישית לל"ג שר 240 גרם</ItemName>
      <ManufacturerName>לא ידוע</ManufacturerName>
      <ManufactureCountry>לא ידוע</ManufactureCountry>
      <ManufacturerItemDescription>מדלן עוגה אישית לל"ג</ManufacturerItemDescription>
      <UnitQty>גרמים</UnitQty>
      <Quantity>240.00</Quantity>
      <bIsWeighted>0</bIsWeighted>
      <UnitOfMeasure>100 גרם</UnitOfMeasure>
      <QtyInPackage>1</QtyInPackage>
      <ItemPrice>34.90</ItemPrice>
      <UnitOfMeasurePrice>14.54</UnitOfMeasurePrice>
      <AllowDiscount>1</AllowDiscount>
      <ItemStatus>1</ItemStatus>
    </Item>
    <Item>
      <PriceUpdateDate>2025-02-24 10:56</PriceUpdateDate>
      <ItemCode>8008825012545</ItemCode>
      <ItemType>1</ItemType>
      <ItemName>מחית עגבניות/זרעים 690 גרם  Rodolfi</ItemName>
      <ManufacturerName>לא ידוע</ManufacturerName>
      <ManufactureCountry>לא ידוע</ManufactureCountry>
      <ManufacturerItemDescription>מחית עגבניות/זרעים 6</ManufacturerItemDescription>
      <UnitQty>גרמים</UnitQty>
      <Quantity>690.00</Quantity>
      <bIsWeighted>0</bIsWeighted>
      <UnitOfMeasure>100 גרם</UnitOfMeasure>
      <QtyInPackage>1</QtyInPackage>
      <ItemPrice>16.50</ItemPrice>
      <UnitOfMeasurePrice>2.39</UnitOfMeasurePrice>
      <AllowDiscount>1</AllowDiscount>
      <ItemStatus>1</ItemStatus>
    </Item>
    <Item>
      <PriceUpdateDate>2024-07-07 17:48</PriceUpdateDate>
      <ItemCode>8008920590061</ItemCode>
      <ItemType>1</ItemType>
      <ItemName>למברוסקו ספומנטה רוזה 750 מל CORONA</ItemName>
      <ManufacturerName>לא ידוע</ManufacturerName>
      <ManufactureCountry>לא ידוע</ManufactureCountry>
      <ManufacturerItemDescription>למברוסקו ספומנטה אדו</ManufacturerItemDescription>
      <UnitQty>Unknown</UnitQty>
      <Quantity>0.00</Quantity>
      <bIsWeighted>0</bIsWeighted>
      <UnitOfMeasure>Unknown</UnitOfMeasure>
      <QtyInPackage>1</QtyInPackage>
      <ItemPrice>33.90</ItemPrice>
      <UnitOfMeasurePrice>33.90</UnitOfMeasurePrice>
      <AllowDiscount>1</AllowDiscount>
      <ItemStatus>1</ItemStatus>
    </Item>
    <Item>
      <PriceUpdateDate>2023-04-04 17:58</PriceUpdateDate>
      <ItemCode>8009470013024</ItemCode>
      <ItemType>1</ItemType>
      <ItemName>מונג פרש פטה ונתחי ה</ItemName>
      <ManufacturerName>לא ידוע</ManufacturerName>
      <ManufactureCountry />
      <ManufacturerItemDescription>מונג פרש פטה ונתחי ה</ManufacturerItemDescription>
      <UnitQty>גרמים</UnitQty>
      <Quantity>100.00</Quantity>
      <bIsWeighted>0</bIsWeighted>
      <UnitOfMeasure>100 גרם</UnitOfMeasure>
      <QtyInPackage>1</QtyInPackage>
      <ItemPrice>6.90</ItemPrice>
      <UnitOfMeasurePrice>6.90</UnitOfMeasurePrice>
      <AllowDiscount>1</AllowDiscount>
      <ItemStatus>1</ItemStatus>
    </Item>
    <Item>
      <PriceUpdateDate>2025-08-01 23:00</PriceUpdateDate>
      <ItemCode>80135876</ItemCode>
      <ItemType>1</ItemType>
      <ItemName>ממרח נוטלה 400 גרם</ItemName>
      <ManufacturerName>לא ידוע</ManufacturerName>
      <ManufactureCountry>IT</ManufactureCountry>
      <ManufacturerItemDescription>ממרח נוטלה 400 גרם  </ManufacturerItemDescription>
      <UnitQty>גרמים</UnitQty>
      <Quantity>400.00</Quantity>
      <bIsWeighted>0</bIsWeighted>
      <UnitOfMeasure>100 גרם</UnitOfMeasure>
      <QtyInPackage>1</QtyInPackage>
      <ItemPrice>23.90</ItemPrice>
      <UnitOfMeasurePrice>5.98</UnitOfMeasurePrice>
      <AllowDiscount>1</AllowDiscount>
      <ItemStatus>1</ItemStatus>
    </Item>
    <Item>
      <PriceUpdateDate>2025-09-16 12:35</PriceUpdateDate>
      <ItemCode>80136194</ItemCode>
      <ItemType>1</ItemType>
      <ItemName>קינדר הפי היפו אגוזי לוז חמישייה 103.5 ג</ItemName>
      <ManufacturerName>לא ידוע</ManufacturerName>
      <ManufactureCountry>לא ידוע</ManufactureCountry>
      <ManufacturerItemDescription>קינדר הפי היפו אגוזי</ManufacturerItemDescription>
      <UnitQty>גרמים</UnitQty>
      <Quantity>104.00</Quantity>
      <bIsWeighted>0</bIsWeighted>
      <UnitOfMeasure>100 גרם</UnitOfMeasure>
      <QtyInPackage>1</QtyInPackage>
      <ItemPrice>18.90</ItemPrice>
      <UnitOfMeasurePrice>18.17</UnitOfMeasurePrice>
      <AllowDiscount>1</AllowDiscount>
      <ItemStatus>1</ItemStatus>
    </Item>
    <Item>
      <PriceUpdateDate>2024-11-28 08:41</PriceUpdateDate>
      <ItemCode>8014601028747</ItemCode>
      <ItemType>1</ItemType>
      <ItemName>קמח 00 איטלקי כחול 1 קג CAPUTO</ItemName>
      <ManufacturerName>לא ידוע</ManufacturerName>
      <ManufactureCountry>לא ידוע</ManufactureCountry>
      <ManufacturerItemDescription>קמח "00" איטלקי כחול</ManufacturerItemDescription>
      <UnitQty>גרמים</UnitQty>
      <Quantity>1000.00</Quantity>
      <bIsWeighted>0</bIsWeighted>
      <UnitOfMeasure>100 גרם</UnitOfMeasure>
      <QtyInPackage>1</QtyInPackage>
      <ItemPrice>18.50</ItemPrice>
      <UnitOfMeasurePrice>1.85</UnitOfMeasurePrice>
      <AllowDiscount>1</AllowDiscount>
      <ItemStatus>1</ItemStatus>
    </Item>
    <Item>
      <PriceUpdateDate>2024-11-28 08:41</PriceUpdateDate>
      <ItemCode>8015997000133</ItemCode>
      <ItemType>1</ItemType>
      <ItemName>מאריני-קנטוציני עוגיות עם שקדים 200 ג</ItemName>
      <ManufacturerName>לא ידוע</ManufacturerName>
      <ManufactureCountry>איטליה</ManufactureCountry>
      <ManufacturerItemDescription>מאריני-קנטוציני עוגי</ManufacturerItemDescription>
      <UnitQty>גרמים</UnitQty>
      <Quantity>200.00</Quantity>
      <bIsWeighted>0</bIsWeighted>
      <UnitOfMeasure>100 גרם</UnitOfMeasure>
      <QtyInPackage>1</QtyInPackage>
      <ItemPrice>18.50</ItemPrice>
      <UnitOfMeasurePrice>9.25</UnitOfMeasurePrice>
      <AllowDiscount>1</AllowDiscount>
      <ItemStatus>1</ItemStatus>
    </Item>
    <Item>
      <PriceUpdateDate>2024-11-28 08:41</PriceUpdateDate>
      <ItemCode>8015997000911</ItemCode>
      <ItemType>1</ItemType>
      <ItemName>מאריני בישקוטים 200 גרם</ItemName>
      <ManufacturerName>לא ידוע</ManufacturerName>
      <ManufactureCountry>לא ידוע</ManufactureCountry>
      <ManufacturerItemDescription>מאריני בישקוטים 200 </ManufacturerItemDescription>
      <UnitQty>ליטרים</UnitQty>
      <Quantity>0.00</Quantity>
      <bIsWeighted>0</bIsWeighted>
      <UnitOfMeasure>ליטר</UnitOfMeasure>
      <QtyInPackage>1</QtyInPackage>
      <ItemPrice>11.50</ItemPrice>
      <UnitOfMeasurePrice>11.50</UnitOfMeasurePrice>
      <AllowDiscount>1</AllowDiscount>
      <ItemStatus>1</ItemStatus>
    </Item>
    <Item>
      <PriceUpdateDate>2025-09-16 12:36</PriceUpdateDate>
      <ItemCode>80176800</ItemCode>
      <ItemType>1</ItemType>
      <ItemName>ממרח שוקולד נוטלה 750 גרם</ItemName>
      <ManufacturerName>לא ידוע</ManufacturerName>
      <ManufactureCountry>לא ידוע</ManufactureCountry>
      <ManufacturerItemDescription>ממרח שוקולד נוטלה 75</ManufacturerItemDescription>
      <UnitQty>גרמים</UnitQty>
      <Quantity>750.00</Quantity>
      <bIsWeighted>0</bIsWeighted>
      <UnitOfMeasure>100 גרם</UnitOfMeasure>
      <QtyInPackage>1</QtyInPackage>
      <ItemPrice>34.90</ItemPrice>
      <UnitOfMeasurePrice>4.65</UnitOfMeasurePrice>
      <AllowDiscount>1</AllowDiscount>
      <ItemStatus>1</ItemStatus>
    </Item>
    <Item>
      <PriceUpdateDate>2025-09-16 12:37</PriceUpdateDate>
      <ItemCode>80177180</ItemCode>
      <ItemType>1</ItemType>
      <ItemName>שוקולד קינדר קאונטרי 23.5 גרם</ItemName>
      <ManufacturerName>לא ידוע</ManufacturerName>
      <ManufactureCountry>לא ידוע</ManufactureCountry>
      <ManufacturerItemDescription>שוקולד קינדר קאונטרי</ManufacturerItemDescription>
      <UnitQty>גרמים</UnitQty>
      <Quantity>24.00</Quantity>
      <bIsWeighted>0</bIsWeighted>
      <UnitOfMeasure>100 גרם</UnitOfMeasure>
      <QtyInPackage>1</QtyInPackage>
      <ItemPrice>4.50</ItemPrice>
      <UnitOfMeasurePrice>18.75</UnitOfMeasurePrice>
      <AllowDiscount>1</AllowDiscount>
      <ItemStatus>1</ItemStatus>
    </Item>
    <Item>
      <PriceUpdateDate>2025-03-25 07:06</PriceUpdateDate>
      <ItemCode>80177609</ItemCode>
      <ItemType>1</ItemType>
      <ItemName>קינדר 50 גרם</ItemName>
      <ManufacturerName>לא ידוע</ManufacturerName>
      <ManufactureCountry>לא ידוע</ManufactureCountry>
      <ManufacturerItemDescription>שוקלד קינדר 50 גר   </ManufacturerItemDescription>
      <UnitQty>גרמים</UnitQty>
      <Quantity>50.00</Quantity>
      <bIsWeighted>0</bIsWeighted>
      <UnitOfMeasure>100 גרם</UnitOfMeasure>
      <QtyInPackage>1</QtyInPackage>
      <ItemPrice>6.90</ItemPrice>
      <UnitOfMeasurePrice>13.80</UnitOfMeasurePrice>
      <AllowDiscount>1</AllowDiscount>
      <ItemStatus>1</ItemStatus>
    </Item>
    <Item>
      <PriceUpdateDate>2025-09-05 09:16</PriceUpdateDate>
      <ItemCode>80177616</ItemCode>
      <ItemType>1</ItemType>
      <ItemName>טבלת שוקולד קינדר 100 גרם</ItemName>
      <ManufacturerName>לא ידוע</ManufacturerName>
      <ManufactureCountry>לא ידוע</ManufactureCountry>
      <ManufacturerItemDescription>שוקולד קינדר 100 גר </ManufacturerItemDescription>
      <UnitQty>גרמים</UnitQty>
      <Quantity>100.00</Quantity>
      <bIsWeighted>0</bIsWeighted>
      <UnitOfMeasure>100 גרם</UnitOfMeasure>
      <QtyInPackage>1</QtyInPackage>
      <ItemPrice>12.90</ItemPrice>
      <UnitOfMeasurePrice>12.90</UnitOfMeasurePrice>
      <AllowDiscount>1</AllowDiscount>
      <ItemStatus>1</ItemStatus>
    </Item>
    <Item>
      <PriceUpdateDate>2024-03-18 19:12</PriceUpdateDate>
      <ItemCode>8017938005764</ItemCode>
      <ItemType>1</ItemType>
      <ItemName>מיץ תפוחים אורגני 100% 1 ליטר נטורפוד</ItemName>
      <ManufacturerName>לא ידוע</ManufacturerName>
      <ManufactureCountry>לא ידוע</ManufactureCountry>
      <ManufacturerItemDescription>מיץ תפוחים אורגני   </ManufacturerItemDescription>
      <UnitQty>מיליליטרים</UnitQty>
      <Quantity>1000.00</Quantity>
      <bIsWeighted>0</bIsWeighted>
      <UnitOfMeasure>100 מ"ל</UnitOfMeasure>
      <QtyInPackage>1</QtyInPackage>
      <ItemPrice>23.20</ItemPrice>
      <UnitOfMeasurePrice>2.32</UnitOfMeasurePrice>
      <AllowDiscount>1</AllowDiscount>
      <ItemStatus>1</ItemStatus>
    </Item>
    <Item>
      <PriceUpdateDate>2025-03-25 07:06</PriceUpdateDate>
      <ItemCode>8019428000105</ItemCode>
      <ItemType>1</ItemType>
      <ItemName>משקה שיבולת שועל אורגני 1 ליטר</ItemName>
      <ManufacturerName>לא ידוע</ManufacturerName>
      <ManufactureCountry>לא ידוע</ManufactureCountry>
      <ManufacturerItemDescription>משקה שיבולת שועל אור</ManufacturerItemDescription>
      <UnitQty>מיליליטרים</UnitQty>
      <Quantity>1000.00</Quantity>
      <bIsWeighted>0</bIsWeighted>
      <UnitOfMeasure>100 מ"ל</UnitOfMeasure>
      <QtyInPackage>1</QtyInPackage>
      <ItemPrice>17.50</ItemPrice>
      <UnitOfMeasurePrice>1.75</UnitOfMeasurePrice>
      <AllowDiscount>1</AllowDiscount>
      <ItemStatus>1</ItemStatus>
    </Item>
    <Item>
      <PriceUpdateDate>2025-03-25 07:06</PriceUpdateDate>
      <ItemCode>8019428007647</ItemCode>
      <ItemType>1</ItemType>
      <ItemName>משקה סויה בריסטה אורגני 1 ליטר</ItemName>
      <ManufacturerName>לא ידוע</ManufacturerName>
      <ManufactureCountry>לא ידוע</ManufactureCountry>
      <ManufacturerItemDescription>משקה סויה בריסטה אור</ManufacturerItemDescription>
      <UnitQty>מיליליטרים</UnitQty>
      <Quantity>1000.00</Quantity>
      <bIsWeighted>0</bIsWeighted>
      <UnitOfMeasure>100 מ"ל</UnitOfMeasure>
      <QtyInPackage>1</QtyInPackage>
      <ItemPrice>17.50</ItemPrice>
      <UnitOfMeasurePrice>1.75</UnitOfMeasurePrice>
      <AllowDiscount>1</AllowDiscount>
      <ItemStatus>1</ItemStatus>
    </Item>
    <Item>
      <PriceUpdateDate>2025-04-05 23:00</PriceUpdateDate>
      <ItemCode>8020542112018</ItemCode>
      <ItemType>1</ItemType>
      <ItemName>מיץ ליים משומר 200 מ"ל</ItemName>
      <ManufacturerName>לימי</ManufacturerName>
      <ManufactureCountry>איטליה</ManufactureCountry>
      <ManufacturerItemDescription>מיץ ליים משומר 200 מ</ManufacturerItemDescription>
      <UnitQty>מיליליטרים</UnitQty>
      <Quantity>200.00</Quantity>
      <bIsWeighted>0</bIsWeighted>
      <UnitOfMeasure>100 מ"ל</UnitOfMeasure>
      <QtyInPackage>1</QtyInPackage>
      <ItemPrice>11.90</ItemPrice>
      <UnitOfMeasurePrice>5.95</UnitOfMeasurePrice>
      <AllowDiscount>1</AllowDiscount>
      <ItemStatus>1</ItemStatus>
    </Item>
    <Item>
      <PriceUpdateDate>2025-03-11 08:22</PriceUpdateDate>
      <ItemCode>8023678164517</ItemCode>
      <ItemType>1</ItemType>
      <ItemName>משקה שקדים אורגני ללת"ס 1 ליטר isola</ItemName>
      <ManufacturerName>לא ידוע</ManufacturerName>
      <ManufactureCountry>לא ידוע</ManufactureCountry>
      <ManufacturerItemDescription>משקה שקדים אורגני לל</ManufacturerItemDescription>
      <UnitQty>ליטרים</UnitQty>
      <Quantity>0.00</Quantity>
      <bIsWeighted>0</bIsWeighted>
      <UnitOfMeasure>ליטר</UnitOfMeasure>
      <QtyInPackage>1</QtyInPackage>
      <ItemPrice>21.90</ItemPrice>
      <UnitOfMeasurePrice>21.90</UnitOfMeasurePrice>
      <AllowDiscount>1</AllowDiscount>
      <ItemStatus>1</ItemStatus>
    </Item>
    <Item>
      <PriceUpdateDate>2024-03-18 19:23</PriceUpdateDate>
      <ItemCode>8024985002783</ItemCode>
      <ItemType>1</ItemType>
      <ItemName>סמוזי נטורה נובה גזר ודלעת 100 גרם</ItemName>
      <ManufacturerName>לא ידוע</ManufacturerName>
      <ManufactureCountry>לא ידוע</ManufactureCountry>
      <ManufacturerItemDescription>סמוזי נטורה נובה גזר</ManufacturerItemDescription>
      <UnitQty>גרמים</UnitQty>
      <Quantity>100.00</Quantity>
      <bIsWeighted>0</bIsWeighted>
      <UnitOfMeasure>100 גרם</UnitOfMeasure>
      <QtyInPackage>1</QtyInPackage>
      <ItemPrice>6.90</ItemPrice>
      <UnitOfMeasurePrice>6.90</UnitOfMeasurePrice>
      <AllowDiscount>1</AllowDiscount>
      <ItemStatus>1</ItemStatus>
    </Item>
    <Item>
      <PriceUpdateDate>2024-03-18 19:23</PriceUpdateDate>
      <ItemCode>8024985002943</ItemCode>
      <ItemType>1</ItemType>
      <ItemName>סמוזי נטורה נובה תפוח אננס קוקוס 100 גרם</ItemName>
      <ManufacturerName>לא ידוע</ManufacturerName>
      <ManufactureCountry>לא ידוע</ManufactureCountry>
      <ManufacturerItemDescription>סמוזי נטורה נובה תפו</ManufacturerItemDescription>
      <UnitQty>גרמים</UnitQty>
      <Quantity>100.00</Quantity>
      <bIsWeighted>0</bIsWeighted>
      <UnitOfMeasure>100 גרם</UnitOfMeasure>
      <QtyInPackage>1</QtyInPackage>
      <ItemPrice>6.90</ItemPrice>
      <UnitOfMeasurePrice>6.90</UnitOfMeasurePrice>
      <AllowDiscount>1</AllowDiscount>
      <ItemStatus>1</ItemStatus>
    </Item>
    <Item>
      <PriceUpdateDate>2024-03-18 19:13</PriceUpdateDate>
      <ItemCode>8024985002967</ItemCode>
      <ItemType>1</ItemType>
      <ItemName>סמוזי נטורה נובה בננה תרד 100 גרם</ItemName>
      <ManufacturerName>לא ידוע</ManufacturerName>
      <ManufactureCountry>לא ידוע</ManufactureCountry>
      <ManufacturerItemDescription>סמוזי נטורה נובה בננ</ManufacturerItemDescription>
      <UnitQty>גרמים</UnitQty>
      <Quantity>100.00</Quantity>
      <bIsWeighted>0</bIsWeighted>
      <UnitOfMeasure>100 גרם</UnitOfMeasure>
      <QtyInPackage>1</QtyInPackage>
      <ItemPrice>6.90</ItemPrice>
      <UnitOfMeasurePrice>6.90</UnitOfMeasurePrice>
      <AllowDiscount>1</AllowDiscount>
      <ItemStatus>1</ItemStatus>
    </Item>
    <Item>
      <PriceUpdateDate>2024-03-18 19:23</PriceUpdateDate>
      <ItemCode>8024985003988</ItemCode>
      <ItemType>1</ItemType>
      <ItemName>סמוזי תפוח בננה 100 גר נטורה נובה</ItemName>
      <ManufacturerName>לא ידוע</ManufacturerName>
      <ManufactureCountry>לא ידוע</ManufactureCountry>
      <ManufacturerItemDescription>סמוזי תפוח בננה 100 </ManufacturerItemDescription>
      <UnitQty>גרמים</UnitQty>
      <Quantity>100.00</Quantity>
      <bIsWeighted>0</bIsWeighted>
      <UnitOfMeasure>100 גרם</UnitOfMeasure>
      <QtyInPackage>1</QtyInPackage>
      <ItemPrice>6.90</ItemPrice>
      <UnitOfMeasurePrice>6.90</UnitOfMeasurePrice>
      <AllowDiscount>1</AllowDiscount>
      <ItemStatus>1</ItemStatus>
    </Item>
    <Item>
      <PriceUpdateDate>2024-03-18 19:23</PriceUpdateDate>
      <ItemCode>8024985005234</ItemCode>
      <ItemType>1</ItemType>
      <ItemName>סמוזי נטורה נובה סמוצי תפוח מנגו 100 גרם</ItemName>
      <ManufacturerName>לא ידוע</ManufacturerName>
      <ManufactureCountry>לא ידוע</ManufactureCountry>
      <ManufacturerItemDescription>מחית נטורה נובה סמוצ</ManufacturerItemDescription>
      <UnitQty>גרמים</UnitQty>
      <Quantity>100.00</Quantity>
      <bIsWeighted>0</bIsWeighted>
      <UnitOfMeasure>100 גרם</UnitOfMeasure>
      <QtyInPackage>1</QtyInPackage>
      <ItemPrice>6.90</ItemPrice>
      <UnitOfMeasurePrice>6.90</UnitOfMeasurePrice>
      <AllowDiscount>1</AllowDiscount>
      <ItemStatus>1</ItemStatus>
    </Item>
    <Item>
      <PriceUpdateDate>2024-03-18 19:23</PriceUpdateDate>
      <ItemCode>8024985008037</ItemCode>
      <ItemType>1</ItemType>
      <ItemName>סמוזי נטורה נובה סמוצי תפוח 100 גרם</ItemName>
      <ManufacturerName>לא ידוע</ManufacturerName>
      <ManufactureCountry>לא ידוע</ManufactureCountry>
      <ManufacturerItemDescription>מחית נטורה נובה סמוצ</ManufacturerItemDescription>
      <UnitQty>גרמים</UnitQty>
      <Quantity>100.00</Quantity>
      <bIsWeighted>0</bIsWeighted>
      <UnitOfMeasure>100 גרם</UnitOfMeasure>
      <QtyInPackage>1</QtyInPackage>
      <ItemPrice>6.90</ItemPrice>
      <UnitOfMeasurePrice>6.90</UnitOfMeasurePrice>
      <AllowDiscount>1</AllowDiscount>
      <ItemStatus>1</ItemStatus>
    </Item>
    <Item>
      <PriceUpdateDate>2024-03-18 19:13</PriceUpdateDate>
      <ItemCode>8024985008051</ItemCode>
      <ItemType>1</ItemType>
      <ItemName>סמוזי נטורה נובה סמוצי פירות אדומים 100</ItemName>
      <ManufacturerName>לא ידוע</ManufacturerName>
      <ManufactureCountry>לא ידוע</ManufactureCountry>
      <ManufacturerItemDescription>מחית נטורה נובה סמוצ</ManufacturerItemDescription>
      <UnitQty>גרמים</UnitQty>
      <Quantity>100.00</Quantity>
      <bIsWeighted>0</bIsWeighted>
      <UnitOfMeasure>100 גרם</UnitOfMeasure>
      <QtyInPackage>1</QtyInPackage>
      <ItemPrice>6.90</ItemPrice>
      <UnitOfMeasurePrice>6.90</UnitOfMeasurePrice>
      <AllowDiscount>1</AllowDiscount>
      <ItemStatus>1</ItemStatus>
    </Item>
    <Item>
      <PriceUpdateDate>2024-03-18 19:23</PriceUpdateDate>
      <ItemCode>8024985011204</ItemCode>
      <ItemType>1</ItemType>
      <ItemName>סמוזי תפוח תות בננה 100 גר נטורה נובה</ItemName>
      <ManufacturerName>לא ידוע</ManufacturerName>
      <ManufactureCountry>לא ידוע</ManufactureCountry>
      <ManufacturerItemDescription>סמוזי תפוח תות בננה </ManufacturerItemDescription>
      <UnitQty>גרמים</UnitQty>
      <Quantity>100.00</Quantity>
      <bIsWeighted>0</bIsWeighted>
      <UnitOfMeasure>100 גרם</UnitOfMeasure>
      <QtyInPackage>1</QtyInPackage>
      <ItemPrice>6.90</ItemPrice>
      <UnitOfMeasurePrice>6.90</UnitOfMeasurePrice>
      <AllowDiscount>1</AllowDiscount>
      <ItemStatus>1</ItemStatus>
    </Item>
    <Item>
      <PriceUpdateDate>2024-07-17 08:33</PriceUpdateDate>
      <ItemCode>8030316001011</ItemCode>
      <ItemType>1</ItemType>
      <ItemName>מונטאלבאנו פינו גריגיו  750 מל אורגני</ItemName>
      <ManufacturerName>לא ידוע</ManufacturerName>
      <ManufactureCountry>לא ידוע</ManufactureCountry>
      <ManufacturerItemDescription>מונטאלבאנו פינו     </ManufacturerItemDescription>
      <UnitQty>מיליליטרים</UnitQty>
      <Quantity>750.00</Quantity>
      <bIsWeighted>0</bIsWeighted>
      <UnitOfMeasure>100 מ"ל</UnitOfMeasure>
      <QtyInPackage>1</QtyInPackage>
      <ItemPrice>72.90</ItemPrice>
      <UnitOfMeasurePrice>9.72</UnitOfMeasurePrice>
      <AllowDiscount>1</AllowDiscount>
      <ItemStatus>1</ItemStatus>
    </Item>
    <Item>
      <PriceUpdateDate>2025-09-16 12:36</PriceUpdateDate>
      <ItemCode>80310167</ItemCode>
      <ItemType>1</ItemType>
      <ItemName>קינדר מקסי שישייה 126 גר</ItemName>
      <ManufacturerName>לא ידוע</ManufacturerName>
      <ManufactureCountry>לא ידוע</ManufactureCountry>
      <ManufacturerItemDescription>קינדר מקסי שישייה 12</ManufacturerItemDescription>
      <UnitQty>גרמים</UnitQty>
      <Quantity>126.00</Quantity>
      <bIsWeighted>0</bIsWeighted>
      <UnitOfMeasure>100 גרם</UnitOfMeasure>
      <QtyInPackage>1</QtyInPackage>
      <ItemPrice>15.50</ItemPrice>
      <UnitOfMeasurePrice>12.30</UnitOfMeasurePrice>
      <AllowDiscount>1</AllowDiscount>
      <ItemStatus>1</ItemStatus>
    </Item>
    <Item>
      <PriceUpdateDate>2025-09-16 12:36</PriceUpdateDate>
      <ItemCode>80310891</ItemCode>
      <ItemType>1</ItemType>
      <ItemName>ביצה קינדר גוי</ItemName>
      <ManufacturerName>לא ידוע</ManufacturerName>
      <ManufactureCountry>דרום אפריקה</ManufactureCountry>
      <ManufacturerItemDescription>ביצת הפתעה קינדר גוי</ManufacturerItemDescription>
      <UnitQty>גרמים</UnitQty>
      <Quantity>20.00</Quantity>
      <bIsWeighted>0</bIsWeighted>
      <UnitOfMeasure>100 גרם</UnitOfMeasure>
      <QtyInPackage>1</QtyInPackage>
      <ItemPrice>7.90</ItemPrice>
      <UnitOfMeasurePrice>39.50</UnitOfMeasurePrice>
      <AllowDiscount>1</AllowDiscount>
      <ItemStatus>1</ItemStatus>
    </Item>
    <Item>
      <PriceUpdateDate>2025-03-25 06:55</PriceUpdateDate>
      <ItemCode>8032804430471</ItemCode>
      <ItemType>1</ItemType>
      <ItemName>פליסיה פסטה סדניני עדשים אורגני 250 גרם</ItemName>
      <ManufacturerName>לא ידוע</ManufacturerName>
      <ManufactureCountry>לא ידוע</ManufactureCountry>
      <ManufacturerItemDescription>פליסיה פסטה סדניני ע</ManufacturerItemDescription>
      <UnitQty>גרמים</UnitQty>
      <Quantity>250.00</Quantity>
      <bIsWeighted>0</bIsWeighted>
      <UnitOfMeasure>100 גרם</UnitOfMeasure>
      <QtyInPackage>1</QtyInPackage>
      <ItemPrice>21.90</ItemPrice>
      <UnitOfMeasurePrice>8.76</UnitOfMeasurePrice>
      <AllowDiscount>1</AllowDiscount>
      <ItemStatus>1</ItemStatus>
    </Item>
    <Item>
      <PriceUpdateDate>2024-11-28 08:44</PriceUpdateDate>
      <ItemCode>8033020445980</ItemCode>
      <ItemType>1</ItemType>
      <ItemName>PIVETTI קמח לפסטה 00 1 ק"ג</ItemName>
      <ManufacturerName>לא ידוע</ManufacturerName>
      <ManufactureCountry>איטליה</ManufactureCountry>
      <ManufacturerItemDescription>PIVETTI קמח לפסטה 00</ManufacturerItemDescription>
      <UnitQty>גרמים</UnitQty>
      <Quantity>1000.00</Quantity>
      <bIsWeighted>0</bIsWeighted>
      <UnitOfMeasure>100 גרם</UnitOfMeasure>
      <QtyInPackage>1</QtyInPackage>
      <ItemPrice>16.90</ItemPrice>
      <UnitOfMeasurePrice>1.69</UnitOfMeasurePrice>
      <AllowDiscount>1</AllowDiscount>
      <ItemStatus>1</ItemStatus>
    </Item>
    <Item>
      <PriceUpdateDate>2024-11-28 08:44</PriceUpdateDate>
      <ItemCode>8033020446000</ItemCode>
      <ItemType>1</ItemType>
      <ItemName>PIVETTI קמח איטלקי לפיצה ופוקצה 1 ק"ג</ItemName>
      <ManufacturerName>לא ידוע</ManufacturerName>
      <ManufactureCountry>איטליה</ManufactureCountry>
      <ManufacturerItemDescription>PIVETTI קמח איטלקי ל</ManufacturerItemDescription>
      <UnitQty>גרמים</UnitQty>
      <Quantity>1000.00</Quantity>
      <bIsWeighted>0</bIsWeighted>
      <UnitOfMeasure>100 גרם</UnitOfMeasure>
      <QtyInPackage>1</QtyInPackage>
      <ItemPrice>14.90</ItemPrice>
      <UnitOfMeasurePrice>1.49</UnitOfMeasurePrice>
      <AllowDiscount>1</AllowDiscount>
      <ItemStatus>1</ItemStatus>
    </Item>
    <Item>
      <PriceUpdateDate>2023-02-21 08:39</PriceUpdateDate>
      <ItemCode>8033837720720</ItemCode>
      <ItemType>1</ItemType>
      <ItemName>מחית עגבניות 690 גרם</ItemName>
      <ManufacturerName>לא ידוע</ManufacturerName>
      <ManufactureCountry>לא ידוע</ManufactureCountry>
      <ManufacturerItemDescription>מחית עגבניות 690 גרם</ManufacturerItemDescription>
      <UnitQty>גרמים</UnitQty>
      <Quantity>690.00</Quantity>
      <bIsWeighted>0</bIsWeighted>
      <UnitOfMeasure>100 גרם</UnitOfMeasure>
      <QtyInPackage>1</QtyInPackage>
      <ItemPrice>15.90</ItemPrice>
      <UnitOfMeasurePrice>2.30</UnitOfMeasurePrice>
      <AllowDiscount>1</AllowDiscount>
      <ItemStatus>1</ItemStatus>
    </Item>
    <Item>
      <PriceUpdateDate>2025-03-11 11:40</PriceUpdateDate>
      <ItemCode>8034023208503</ItemCode>
      <ItemType>1</ItemType>
      <ItemName>TERREעגבניות מיובשות בשמן חמניות 280 גר</ItemName>
      <ManufacturerName>לא ידוע</ManufacturerName>
      <ManufactureCountry>לא ידוע</ManufactureCountry>
      <ManufacturerItemDescription>TERREעגבניות מיובשות</ManufacturerItemDescription>
      <UnitQty>גרמים</UnitQty>
      <Quantity>280.00</Quantity>
      <bIsWeighted>0</bIsWeighted>
      <UnitOfMeasure>100 גרם</UnitOfMeasure>
      <QtyInPackage>1</QtyInPackage>
      <ItemPrice>21.60</ItemPrice>
      <UnitOfMeasurePrice>7.71</UnitOfMeasurePrice>
      <AllowDiscount>1</AllowDiscount>
      <ItemStatus>1</ItemStatus>
    </Item>
    <Item>
      <PriceUpdateDate>2025-03-11 11:40</PriceUpdateDate>
      <ItemCode>8034023209104</ItemCode>
      <ItemType>1</ItemType>
      <ItemName>רבעי ארטישוק 280 גרם TERRE</ItemName>
      <ManufacturerName>לא ידוע</ManufacturerName>
      <ManufactureCountry>לא ידוע</ManufactureCountry>
      <ManufacturerItemDescription>רבעי ארטישוק 280 גרם</ManufacturerItemDescription>
      <UnitQty>גרמים</UnitQty>
      <Quantity>280.00</Quantity>
      <bIsWeighted>0</bIsWeighted>
      <UnitOfMeasure>100 גרם</UnitOfMeasure>
      <QtyInPackage>1</QtyInPackage>
      <ItemPrice>23.90</ItemPrice>
      <UnitOfMeasurePrice>8.54</UnitOfMeasurePrice>
      <AllowDiscount>1</AllowDiscount>
      <ItemStatus>1</ItemStatus>
    </Item>
    <Item>
      <PriceUpdateDate>2025-03-11 11:40</PriceUpdateDate>
      <ItemCode>8034023209111</ItemCode>
      <ItemType>1</ItemType>
      <ItemName>ארטישוק שלם 510 גר TERRE</ItemName>
      <ManufacturerName>לא ידוע</ManufacturerName>
      <ManufactureCountry>לא ידוע</ManufactureCountry>
      <ManufacturerItemDescription>ארטישוק שלם 510 גרם </ManufacturerItemDescription>
      <UnitQty>גרמים</UnitQty>
      <Quantity>510.00</Quantity>
      <bIsWeighted>0</bIsWeighted>
      <UnitOfMeasure>100 גרם</UnitOfMeasure>
      <QtyInPackage>1</QtyInPackage>
      <ItemPrice>40.90</ItemPrice>
      <UnitOfMeasurePrice>8.02</UnitOfMeasurePrice>
      <AllowDiscount>1</AllowDiscount>
      <ItemStatus>1</ItemStatus>
    </Item>
    <Item>
      <PriceUpdateDate>2025-03-11 11:40</PriceUpdateDate>
      <ItemCode>8034023209128</ItemCode>
      <ItemType>1</ItemType>
      <ItemName>ארטישוק בגריל 280 גרם TERRE</ItemName>
      <ManufacturerName>לא ידוע</ManufacturerName>
      <ManufactureCountry>לא ידוע</ManufactureCountry>
      <ManufacturerItemDescription>ארטישוק בגריל 280 גר</ManufacturerItemDescription>
      <UnitQty>גרמים</UnitQty>
      <Quantity>280.00</Quantity>
      <bIsWeighted>0</bIsWeighted>
      <UnitOfMeasure>100 גרם</UnitOfMeasure>
      <QtyInPackage>1</QtyInPackage>
      <ItemPrice>23.90</ItemPrice>
      <UnitOfMeasurePrice>8.54</UnitOfMeasurePrice>
      <AllowDiscount>1</AllowDiscount>
      <ItemStatus>1</ItemStatus>
    </Item>
    <Item>
      <PriceUpdateDate>2025-07-08 12:07</PriceUpdateDate>
      <ItemCode>8051128870695</ItemCode>
      <ItemType>1</ItemType>
      <ItemName>מחית פטריות כמהין 1% מזרח ומערב 500 גרם</ItemName>
      <ManufacturerName>לא ידוע</ManufacturerName>
      <ManufactureCountry>IT</ManufactureCountry>
      <ManufacturerItemDescription>מחית פטריות כמהין 1%</ManufacturerItemDescription>
      <UnitQty>גרמים</UnitQty>
      <Quantity>500.00</Quantity>
      <bIsWeighted>0</bIsWeighted>
      <UnitOfMeasure>100 גרם</UnitOfMeasure>
      <QtyInPackage>1</QtyInPackage>
      <ItemPrice>84.90</ItemPrice>
      <UnitOfMeasurePrice>16.98</UnitOfMeasurePrice>
      <AllowDiscount>1</AllowDiscount>
      <ItemStatus>1</ItemStatus>
    </Item>
    <Item>
      <PriceUpdateDate>2025-03-11 11:40</PriceUpdateDate>
      <ItemCode>80525264</ItemCode>
      <ItemType>1</ItemType>
      <ItemName>Agnesi רוטב עגבניות ובזיל 400 גר</ItemName>
      <ManufacturerName>לא ידוע</ManufacturerName>
      <ManufactureCountry>IT</ManufactureCountry>
      <ManufacturerItemDescription>רוטב עגבניות        </ManufacturerItemDescription>
      <UnitQty>גרמים</UnitQty>
      <Quantity>400.00</Quantity>
      <bIsWeighted>0</bIsWeighted>
      <UnitOfMeasure>100 גרם</UnitOfMeasure>
      <QtyInPackage>0</QtyInPackage>
      <ItemPrice>18.90</ItemPrice>
      <UnitOfMeasurePrice>4.73</UnitOfMeasurePrice>
      <AllowDiscount>1</AllowDiscount>
      <ItemStatus>1</ItemStatus>
    </Item>
    <Item>
      <PriceUpdateDate>2025-03-11 11:40</PriceUpdateDate>
      <ItemCode>80525288</ItemCode>
      <ItemType>1</ItemType>
      <ItemName>Agnesi רוטב עגבניות וזיתים 400 גר</ItemName>
      <ManufacturerName>לא ידוע</ManufacturerName>
      <ManufactureCountry>IT</ManufactureCountry>
      <ManufacturerItemDescription>Agnesi רוטב עגבניות </ManufacturerItemDescription>
      <UnitQty>גרמים</UnitQty>
      <Quantity>400.00</Quantity>
      <bIsWeighted>0</bIsWeighted>
      <UnitOfMeasure>100 גרם</UnitOfMeasure>
      <QtyInPackage>0</QtyInPackage>
      <ItemPrice>18.90</ItemPrice>
      <UnitOfMeasurePrice>4.73</UnitOfMeasurePrice>
      <AllowDiscount>1</AllowDiscount>
      <ItemStatus>1</ItemStatus>
    </Item>
    <Item>
      <PriceUpdateDate>2025-01-15 10:20</PriceUpdateDate>
      <ItemCode>805278001847</ItemCode>
      <ItemType>1</ItemType>
      <ItemName>אורז בסמטי 1 ק"ג</ItemName>
      <ManufacturerName>לא ידוע</ManufacturerName>
      <ManufactureCountry>הודו</ManufactureCountry>
      <ManufacturerItemDescription>אורז בסמטי 1 ק"ג    </ManufacturerItemDescription>
      <UnitQty>גרמים</UnitQty>
      <Quantity>1000.00</Quantity>
      <bIsWeighted>0</bIsWeighted>
      <UnitOfMeasure>100 גרם</UnitOfMeasure>
      <QtyInPackage>1</QtyInPackage>
      <ItemPrice>13.90</ItemPrice>
      <UnitOfMeasurePrice>1.39</UnitOfMeasurePrice>
      <AllowDiscount>1</AllowDiscount>
      <ItemStatus>1</ItemStatus>
    </Item>
    <Item>
      <PriceUpdateDate>2025-06-06 05:55</PriceUpdateDate>
      <ItemCode>80761761</ItemCode>
      <ItemType>1</ItemType>
      <ItemName>קינדר בואנו לבן בודד 39 גר</ItemName>
      <ManufacturerName>לא ידוע</ManufacturerName>
      <ManufactureCountry>לא ידוע</ManufactureCountry>
      <ManufacturerItemDescription>קינדר בואנו לבן בודד</ManufacturerItemDescription>
      <UnitQty>גרמים</UnitQty>
      <Quantity>39.00</Quantity>
      <bIsWeighted>0</bIsWeighted>
      <UnitOfMeasure>100 גרם</UnitOfMeasure>
      <QtyInPackage>1</QtyInPackage>
      <ItemPrice>6.90</ItemPrice>
      <UnitOfMeasurePrice>17.69</UnitOfMeasurePrice>
      <AllowDiscount>1</AllowDiscount>
      <ItemStatus>1</ItemStatus>
    </Item>
    <Item>
      <PriceUpdateDate>2025-01-15 10:18</PriceUpdateDate>
      <ItemCode>8076800195019</ItemCode>
      <ItemType>1</ItemType>
      <ItemName>ספגטי מס 1 קפליני  500 גר ברילה</ItemName>
      <ManufacturerName>לא ידוע</ManufacturerName>
      <ManufactureCountry>לא ידוע</ManufactureCountry>
      <ManufacturerItemDescription>ספגטי מס 1 קפליני  5</ManufacturerItemDescription>
      <UnitQty>גרמים</UnitQty>
      <Quantity>500.00</Quantity>
      <bIsWeighted>0</bIsWeighted>
      <UnitOfMeasure>100 גרם</UnitOfMeasure>
      <QtyInPackage>1</QtyInPackage>
      <ItemPrice>8.90</ItemPrice>
      <UnitOfMeasurePrice>1.78</UnitOfMeasurePrice>
      <AllowDiscount>1</AllowDiscount>
      <ItemStatus>1</ItemStatus>
    </Item>
    <Item>
      <PriceUpdateDate>2025-01-15 10:17</PriceUpdateDate>
      <ItemCode>8076800195033</ItemCode>
      <ItemType>1</ItemType>
      <ItemName>ספגטי ברילה מס 3 ברילה</ItemName>
      <ManufacturerName>לא ידוע</ManufacturerName>
      <ManufactureCountry>לא ידוע</ManufactureCountry>
      <ManufacturerItemDescription>ספגטי ברילה מס 3 ברי</ManufacturerItemDescription>
      <UnitQty>גרמים</UnitQty>
      <Quantity>500.00</Quantity>
      <bIsWeighted>0</bIsWeighted>
      <UnitOfMeasure>100 גרם</UnitOfMeasure>
      <QtyInPackage>1</QtyInPackage>
      <ItemPrice>8.90</ItemPrice>
      <UnitOfMeasurePrice>1.78</UnitOfMeasurePrice>
      <AllowDiscount>1</AllowDiscount>
      <ItemStatus>1</ItemStatus>
    </Item>
    <Item>
      <PriceUpdateDate>2025-01-15 10:17</PriceUpdateDate>
      <ItemCode>8076800195057</ItemCode>
      <ItemType>1</ItemType>
      <ItemName>ספגטי ברילה מס 5 ברילה</ItemName>
      <ManufacturerName>לא ידוע</ManufacturerName>
      <ManufactureCountry>לא ידוע</ManufactureCountry>
      <ManufacturerItemDescription>ספגטי ברילה מס 5 ברי</ManufacturerItemDescription>
      <UnitQty>גרמים</UnitQty>
      <Quantity>500.00</Quantity>
      <bIsWeighted>0</bIsWeighted>
      <UnitOfMeasure>100 גרם</UnitOfMeasure>
      <QtyInPackage>1</QtyInPackage>
      <ItemPrice>8.90</ItemPrice>
      <UnitOfMeasurePrice>1.78</UnitOfMeasurePrice>
      <AllowDiscount>1</AllowDiscount>
      <ItemStatus>1</ItemStatus>
    </Item>
    <Item>
      <PriceUpdateDate>2025-01-15 10:17</PriceUpdateDate>
      <ItemCode>8076800195132</ItemCode>
      <ItemType>1</ItemType>
      <ItemName>פסטה ברילה מס 13</ItemName>
      <ManufacturerName>לא ידוע</ManufacturerName>
      <ManufactureCountry>לא ידוע</ManufactureCountry>
      <ManufacturerItemDescription>פסטה ברילה מס 13    </ManufacturerItemDescription>
      <UnitQty>גרמים</UnitQty>
      <Quantity>500.00</Quantity>
      <bIsWeighted>0</bIsWeighted>
      <UnitOfMeasure>100 גרם</UnitOfMeasure>
      <QtyInPackage>1</QtyInPackage>
      <ItemPrice>8.90</ItemPrice>
      <UnitOfMeasurePrice>1.78</UnitOfMeasurePrice>
      <AllowDiscount>1</AllowDiscount>
      <ItemStatus>1</ItemStatus>
    </Item>
    <Item>
      <PriceUpdateDate>2025-01-15 10:18</PriceUpdateDate>
      <ItemCode>8076800315097</ItemCode>
      <ItemType>1</ItemType>
      <ItemName>ספגטי ברילה בוקטיני מס 9</ItemName>
      <ManufacturerName>לא ידוע</ManufacturerName>
      <ManufactureCountry>לא ידוע</ManufactureCountry>
      <ManufacturerItemDescription>ספגטי ברילה בוקטיני </ManufacturerItemDescription>
      <UnitQty>גרמים</UnitQty>
      <Quantity>500.00</Quantity>
      <bIsWeighted>0</bIsWeighted>
      <UnitOfMeasure>100 גרם</UnitOfMeasure>
      <QtyInPackage>1</QtyInPackage>
      <ItemPrice>8.90</ItemPrice>
      <UnitOfMeasurePrice>1.78</UnitOfMeasurePrice>
      <AllowDiscount>1</AllowDiscount>
      <ItemStatus>1</ItemStatus>
    </Item>
    <Item>
      <PriceUpdateDate>2025-01-15 10:18</PriceUpdateDate>
      <ItemCode>8076802085738</ItemCode>
      <ItemType>1</ItemType>
      <ItemName>פסטה ברילה פנה רגטה מס 73</ItemName>
      <ManufacturerName>לא ידוע</ManufacturerName>
      <ManufactureCountry>לא ידוע</ManufactureCountry>
      <ManufacturerItemDescription>פסטה ברילה פנה רגטה </ManufacturerItemDescription>
      <UnitQty>גרמים</UnitQty>
      <Quantity>500.00</Quantity>
      <bIsWeighted>0</bIsWeighted>
      <UnitOfMeasure>100 גרם</UnitOfMeasure>
      <QtyInPackage>1</QtyInPackage>
      <ItemPrice>8.90</ItemPrice>
      <UnitOfMeasurePrice>1.78</UnitOfMeasurePrice>
      <AllowDiscount>1</AllowDiscount>
      <ItemStatus>1</ItemStatus>
    </Item>
    <Item>
      <PriceUpdateDate>2025-01-15 10:17</PriceUpdateDate>
      <ItemCode>8076802085981</ItemCode>
      <ItemType>1</ItemType>
      <ItemName>פסטה ברילה פוזילי מס 98</ItemName>
      <ManufacturerName>לא ידוע</ManufacturerName>
      <ManufactureCountry>לא ידוע</ManufactureCountry>
      <ManufacturerItemDescription>פסטה ברילה פוזילי   </ManufacturerItemDescription>
      <UnitQty>גרמים</UnitQty>
      <Quantity>500.00</Quantity>
      <bIsWeighted>0</bIsWeighted>
      <UnitOfMeasure>100 גרם</UnitOfMeasure>
      <QtyInPackage>1</QtyInPackage>
      <ItemPrice>8.90</ItemPrice>
      <UnitOfMeasurePrice>1.78</UnitOfMeasurePrice>
      <AllowDiscount>1</AllowDiscount>
      <ItemStatus>1</ItemStatus>
    </Item>
    <Item>
      <PriceUpdateDate>2025-01-15 10:18</PriceUpdateDate>
      <ItemCode>8076808050440</ItemCode>
      <ItemType>1</ItemType>
      <ItemName>פסטה ברילה מקרוני מס 44</ItemName>
      <ManufacturerName>לא ידוע</ManufacturerName>
      <ManufactureCountry>לא ידוע</ManufactureCountry>
      <ManufacturerItemDescription>פסטה ברילה מקרוני   </ManufacturerItemDescription>
      <UnitQty>גרמים</UnitQty>
      <Quantity>500.00</Quantity>
      <bIsWeighted>0</bIsWeighted>
      <UnitOfMeasure>100 גרם</UnitOfMeasure>
      <QtyInPackage>1</QtyInPackage>
      <ItemPrice>8.90</ItemPrice>
      <UnitOfMeasurePrice>1.78</UnitOfMeasurePrice>
      <AllowDiscount>1</AllowDiscount>
      <ItemStatus>1</ItemStatus>
    </Item>
    <Item>
      <PriceUpdateDate>2025-01-15 10:18</PriceUpdateDate>
      <ItemCode>8076808150072</ItemCode>
      <ItemType>1</ItemType>
      <ItemName>ספגטי ברילה מס 7 ברילה</ItemName>
      <ManufacturerName>לא ידוע</ManufacturerName>
      <ManufactureCountry>לא ידוע</ManufactureCountry>
      <ManufacturerItemDescription>ספגטי ברילה מס 7 ברי</ManufacturerItemDescription>
      <UnitQty>גרמים</UnitQty>
      <Quantity>500.00</Quantity>
      <bIsWeighted>0</bIsWeighted>
      <UnitOfMeasure>100 גרם</UnitOfMeasure>
      <QtyInPackage>1</QtyInPackage>
      <ItemPrice>8.90</ItemPrice>
      <UnitOfMeasurePrice>1.78</UnitOfMeasurePrice>
      <AllowDiscount>1</AllowDiscount>
      <ItemStatus>1</ItemStatus>
    </Item>
    <Item>
      <PriceUpdateDate>2025-01-15 10:18</PriceUpdateDate>
      <ItemCode>8076809512268</ItemCode>
      <ItemType>1</ItemType>
      <ItemName>ברילה גירנדולה מס 34</ItemName>
      <ManufacturerName>לא ידוע</ManufacturerName>
      <ManufactureCountry>לא ידוע</ManufactureCountry>
      <ManufacturerItemDescription>ברילה גירנדולה מס 34</ManufacturerItemDescription>
      <UnitQty>גרמים</UnitQty>
      <Quantity>500.00</Quantity>
      <bIsWeighted>0</bIsWeighted>
      <UnitOfMeasure>100 גרם</UnitOfMeasure>
      <QtyInPackage>1</QtyInPackage>
      <ItemPrice>8.90</ItemPrice>
      <UnitOfMeasurePrice>1.78</UnitOfMeasurePrice>
      <AllowDiscount>1</AllowDiscount>
      <ItemStatus>1</ItemStatus>
    </Item>
    <Item>
      <PriceUpdateDate>2025-01-30 07:57</PriceUpdateDate>
      <ItemCode>8076809513388</ItemCode>
      <ItemType>1</ItemType>
      <ItemName>רוטב ארביאטה 400 גרם ברילה</ItemName>
      <ManufacturerName>לא ידוע</ManufacturerName>
      <ManufactureCountry>לא ידוע</ManufactureCountry>
      <ManufacturerItemDescription>רוטב ארביאטה 400 גרם</ManufacturerItemDescription>
      <UnitQty>גרמים</UnitQty>
      <Quantity>400.00</Quantity>
      <bIsWeighted>0</bIsWeighted>
      <UnitOfMeasure>100 גרם</UnitOfMeasure>
      <QtyInPackage>1</QtyInPackage>
      <ItemPrice>19.90</ItemPrice>
      <UnitOfMeasurePrice>4.98</UnitOfMeasurePrice>
      <AllowDiscount>1</AllowDiscount>
      <ItemStatus>1</ItemStatus>
    </Item>
    <Item>
      <PriceUpdateDate>2025-01-30 07:58</PriceUpdateDate>
      <ItemCode>8076809513395</ItemCode>
      <ItemType>1</ItemType>
      <ItemName>רוטב פומודורו 400 גרם ברילה</ItemName>
      <ManufacturerName>לא ידוע</ManufacturerName>
      <ManufactureCountry>לא ידוע</ManufactureCountry>
      <ManufacturerItemDescription>רוטב פומודורו 400 גר</ManufacturerItemDescription>
      <UnitQty>גרמים</UnitQty>
      <Quantity>400.00</Quantity>
      <bIsWeighted>0</bIsWeighted>
      <UnitOfMeasure>100 גרם</UnitOfMeasure>
      <QtyInPackage>1</QtyInPackage>
      <ItemPrice>19.90</ItemPrice>
      <UnitOfMeasurePrice>4.98</UnitOfMeasurePrice>
      <AllowDiscount>1</AllowDiscount>
      <ItemStatus>1</ItemStatus>
    </Item>
    <Item>
      <PriceUpdateDate>2025-01-30 07:57</PriceUpdateDate>
      <ItemCode>8076809513654</ItemCode>
      <ItemType>1</ItemType>
      <ItemName>בסיס רוטב עגבניות לבולונז 400 גרם ברילה</ItemName>
      <ManufacturerName>לא ידוע</ManufacturerName>
      <ManufactureCountry>לא ידוע</ManufactureCountry>
      <ManufacturerItemDescription>בסיס רוטב עגבניות לב</ManufacturerItemDescription>
      <UnitQty>גרמים</UnitQty>
      <Quantity>400.00</Quantity>
      <bIsWeighted>0</bIsWeighted>
      <UnitOfMeasure>100 גרם</UnitOfMeasure>
      <QtyInPackage>1</QtyInPackage>
      <ItemPrice>19.90</ItemPrice>
      <UnitOfMeasurePrice>4.98</UnitOfMeasurePrice>
      <AllowDiscount>1</AllowDiscount>
      <ItemStatus>1</ItemStatus>
    </Item>
    <Item>
      <PriceUpdateDate>2025-01-30 07:57</PriceUpdateDate>
      <ItemCode>8076809513692</ItemCode>
      <ItemType>1</ItemType>
      <ItemName>רוטב נפוליטנה 400 גרם ברילה</ItemName>
      <ManufacturerName>לא ידוע</ManufacturerName>
      <ManufactureCountry>לא ידוע</ManufactureCountry>
      <ManufacturerItemDescription>רוטב נפוליטנה 400 גר</ManufacturerItemDescription>
      <UnitQty>גרמים</UnitQty>
      <Quantity>400.00</Quantity>
      <bIsWeighted>0</bIsWeighted>
      <UnitOfMeasure>100 גרם</UnitOfMeasure>
      <QtyInPackage>1</QtyInPackage>
      <ItemPrice>19.90</ItemPrice>
      <UnitOfMeasurePrice>4.98</UnitOfMeasurePrice>
      <AllowDiscount>1</AllowDiscount>
      <ItemStatus>1</ItemStatus>
    </Item>
    <Item>
      <PriceUpdateDate>2025-01-30 07:57</PriceUpdateDate>
      <ItemCode>8076809513739</ItemCode>
      <ItemType>1</ItemType>
      <ItemName>רוטב בזיליקום 400 גרם ברילה</ItemName>
      <ManufacturerName>לא ידוע</ManufacturerName>
      <ManufactureCountry>לא ידוע</ManufactureCountry>
      <ManufacturerItemDescription>רוטב בזיליקום 400 גר</ManufacturerItemDescription>
      <UnitQty>גרמים</UnitQty>
      <Quantity>400.00</Quantity>
      <bIsWeighted>0</bIsWeighted>
      <UnitOfMeasure>100 גרם</UnitOfMeasure>
      <QtyInPackage>1</QtyInPackage>
      <ItemPrice>19.90</ItemPrice>
      <UnitOfMeasurePrice>4.98</UnitOfMeasurePrice>
      <AllowDiscount>1</AllowDiscount>
      <ItemStatus>1</ItemStatus>
    </Item>
    <Item>
      <PriceUpdateDate>2025-03-06 18:44</PriceUpdateDate>
      <ItemCode>8076809514774</ItemCode>
      <ItemType>1</ItemType>
      <ItemName>פסטה עם ביצים פפרדלה 250 גר</ItemName>
      <ManufacturerName>לא ידוע</ManufacturerName>
      <ManufactureCountry>לא ידוע</ManufactureCountry>
      <ManufacturerItemDescription>פסטה עם ביצים פפרדלה</ManufacturerItemDescription>
      <UnitQty>גרמים</UnitQty>
      <Quantity>250.00</Quantity>
      <bIsWeighted>0</bIsWeighted>
      <UnitOfMeasure>100 גרם</UnitOfMeasure>
      <QtyInPackage>1</QtyInPackage>
      <ItemPrice>24.90</ItemPrice>
      <UnitOfMeasurePrice>9.96</UnitOfMeasurePrice>
      <AllowDiscount>1</AllowDiscount>
      <ItemStatus>1</ItemStatus>
    </Item>
    <Item>
      <PriceUpdateDate>2025-01-29 07:06</PriceUpdateDate>
      <ItemCode>8076809523561</ItemCode>
      <ItemType>1</ItemType>
      <ItemName>רוטב פסטה בטעם פיצה 400 גרם ברילה</ItemName>
      <ManufacturerName>לא ידוע</ManufacturerName>
      <ManufactureCountry>לא ידוע</ManufactureCountry>
      <ManufacturerItemDescription>רוטב פסטה בטעם פיצה </ManufacturerItemDescription>
      <UnitQty>גרמים</UnitQty>
      <Quantity>400.00</Quantity>
      <bIsWeighted>0</bIsWeighted>
      <UnitOfMeasure>100 גרם</UnitOfMeasure>
      <QtyInPackage>1</QtyInPackage>
      <ItemPrice>19.90</ItemPrice>
      <UnitOfMeasurePrice>4.98</UnitOfMeasurePrice>
      <AllowDiscount>1</AllowDiscount>
      <ItemStatus>1</ItemStatus>
    </Item>
    <Item>
      <PriceUpdateDate>2023-06-01 06:56</PriceUpdateDate>
      <ItemCode>8076809523714</ItemCode>
      <ItemType>1</ItemType>
      <ItemName>ברילה איטריות 500 גרם</ItemName>
      <ManufacturerName>לא ידוע</ManufacturerName>
      <ManufactureCountry>לא ידוע</ManufactureCountry>
      <ManufacturerItemDescription>ברילה איטריות 500 גר</ManufacturerItemDescription>
      <UnitQty>גרמים</UnitQty>
      <Quantity>500.00</Quantity>
      <bIsWeighted>0</bIsWeighted>
      <UnitOfMeasure>100 גרם</UnitOfMeasure>
      <QtyInPackage>1</QtyInPackage>
      <ItemPrice>34.90</ItemPrice>
      <UnitOfMeasurePrice>6.98</UnitOfMeasurePrice>
      <AllowDiscount>1</AllowDiscount>
      <ItemStatus>1</ItemStatus>
    </Item>
    <Item>
      <PriceUpdateDate>2023-07-10 16:47</PriceUpdateDate>
      <ItemCode>8076809523738</ItemCode>
      <ItemType>1</ItemType>
      <ItemName>ברילה לזניה 500 גרם</ItemName>
      <ManufacturerName>לא ידוע</ManufacturerName>
      <ManufactureCountry>לא ידוע</ManufactureCountry>
      <ManufacturerItemDescription>ברילה לזניה 500 גרם </ManufacturerItemDescription>
      <UnitQty>גרמים</UnitQty>
      <Quantity>500.00</Quantity>
      <bIsWeighted>0</bIsWeighted>
      <UnitOfMeasure>100 גרם</UnitOfMeasure>
      <QtyInPackage>1</QtyInPackage>
      <ItemPrice>25.70</ItemPrice>
      <UnitOfMeasurePrice>5.14</UnitOfMeasurePrice>
      <AllowDiscount>1</AllowDiscount>
      <ItemStatus>1</ItemStatus>
    </Item>
    <Item>
      <PriceUpdateDate>2023-06-01 06:56</PriceUpdateDate>
      <ItemCode>8076809529433</ItemCode>
      <ItemType>1</ItemType>
      <ItemName>פנטה רגטה חיטה מלאה 500 גרם</ItemName>
      <ManufacturerName>לא ידוע</ManufacturerName>
      <ManufactureCountry>לא ידוע</ManufactureCountry>
      <ManufacturerItemDescription>פנטה רגטה חיטה מלאה </ManufacturerItemDescription>
      <UnitQty>גרמים</UnitQty>
      <Quantity>500.00</Quantity>
      <bIsWeighted>0</bIsWeighted>
      <UnitOfMeasure>100 גרם</UnitOfMeasure>
      <QtyInPackage>1</QtyInPackage>
      <ItemPrice>18.90</ItemPrice>
      <UnitOfMeasurePrice>3.78</UnitOfMeasurePrice>
      <AllowDiscount>1</AllowDiscount>
      <ItemStatus>1</ItemStatus>
    </Item>
    <Item>
      <PriceUpdateDate>2025-01-15 10:18</PriceUpdateDate>
      <ItemCode>8076809580144</ItemCode>
      <ItemType>1</ItemType>
      <ItemName>ברילה פרפלה מס 65</ItemName>
      <ManufacturerName>לא ידוע</ManufacturerName>
      <ManufactureCountry>לא ידוע</ManufactureCountry>
      <ManufacturerItemDescription>ברילה פרפלה מס 65   </ManufacturerItemDescription>
      <UnitQty>גרמים</UnitQty>
      <Quantity>500.00</Quantity>
      <bIsWeighted>0</bIsWeighted>
      <UnitOfMeasure>100 גרם</UnitOfMeasure>
      <QtyInPackage>1</QtyInPackage>
      <ItemPrice>8.90</ItemPrice>
      <UnitOfMeasurePrice>1.78</UnitOfMeasurePrice>
      <AllowDiscount>1</AllowDiscount>
      <ItemStatus>1</ItemStatus>
    </Item>
    <Item>
      <PriceUpdateDate>2024-10-10 09:05</PriceUpdateDate>
      <ItemCode>8076809584920</ItemCode>
      <ItemType>1</ItemType>
      <ItemName>פסטה ברילה טורטליוני מס 83</ItemName>
      <ManufacturerName>לא ידוע</ManufacturerName>
      <ManufactureCountry>לא ידוע</ManufactureCountry>
      <ManufacturerItemDescription>פסטה ברילה טורטליוני</ManufacturerItemDescription>
      <UnitQty>גרמים</UnitQty>
      <Quantity>500.00</Quantity>
      <bIsWeighted>0</bIsWeighted>
      <UnitOfMeasure>100 גרם</UnitOfMeasure>
      <QtyInPackage>1</QtyInPackage>
      <ItemPrice>9.90</ItemPrice>
      <UnitOfMeasurePrice>1.98</UnitOfMeasurePrice>
      <AllowDiscount>1</AllowDiscount>
      <ItemStatus>1</ItemStatus>
    </Item>
    <Item>
      <PriceUpdateDate>2024-07-07 17:54</PriceUpdateDate>
      <ItemCode>80773429</ItemCode>
      <ItemType>1</ItemType>
      <ItemName>מנטוס בבקבוק בינוני פיור פרש תות 60 גר</ItemName>
      <ManufacturerName>לא ידוע</ManufacturerName>
      <ManufactureCountry>לא ידוע</ManufactureCountry>
      <ManufacturerItemDescription>מנטוס בבקבוק פיור   </ManufacturerItemDescription>
      <UnitQty>Unknown</UnitQty>
      <Quantity>0.00</Quantity>
      <bIsWeighted>0</bIsWeighted>
      <UnitOfMeasure>Unknown</UnitOfMeasure>
      <QtyInPackage>1</QtyInPackage>
      <ItemPrice>12.90</ItemPrice>
      <UnitOfMeasurePrice>12.90</UnitOfMeasurePrice>
      <AllowDiscount>1</AllowDiscount>
      <ItemStatus>1</ItemStatus>
    </Item>
    <Item>
      <PriceUpdateDate>2024-07-07 17:54</PriceUpdateDate>
      <ItemCode>80773443</ItemCode>
      <ItemType>1</ItemType>
      <ItemName>מנטוס בבקבוק מעוגל טעם מנטה עדינה 60 גר</ItemName>
      <ManufacturerName>לא ידוע</ManufacturerName>
      <ManufactureCountry>לא ידוע</ManufactureCountry>
      <ManufacturerItemDescription>מנטוס בבקבוק מעוגל ט</ManufacturerItemDescription>
      <UnitQty>Unknown</UnitQty>
      <Quantity>0.00</Quantity>
      <bIsWeighted>0</bIsWeighted>
      <UnitOfMeasure>Unknown</UnitOfMeasure>
      <QtyInPackage>1</QtyInPackage>
      <ItemPrice>12.90</ItemPrice>
      <UnitOfMeasurePrice>12.90</UnitOfMeasurePrice>
      <AllowDiscount>1</AllowDiscount>
      <ItemStatus>1</ItemStatus>
    </Item>
    <Item>
      <PriceUpdateDate>2025-10-29 14:20</PriceUpdateDate>
      <ItemCode>80822189</ItemCode>
      <ItemType>1</ItemType>
      <ItemName>דופלו סנטה שוקולד 75 גרם</ItemName>
      <ManufacturerName>לא ידוע</ManufacturerName>
      <ManufactureCountry>IT</ManufactureCountry>
      <ManufacturerItemDescription>דופלו סנטה שוקולד 75</ManufacturerItemDescription>
      <UnitQty>גרמים</UnitQty>
      <Quantity>175.00</Quantity>
      <bIsWeighted>0</bIsWeighted>
      <UnitOfMeasure>100 גרם</UnitOfMeasure>
      <QtyInPackage>1</QtyInPackage>
      <ItemPrice>29.90</ItemPrice>
      <UnitOfMeasurePrice>17.09</UnitOfMeasurePrice>
      <AllowDiscount>1</AllowDiscount>
      <ItemStatus>1</ItemStatus>
    </Item>
    <Item>
      <PriceUpdateDate>2025-03-06 18:52</PriceUpdateDate>
      <ItemCode>80832560</ItemCode>
      <ItemType>1</ItemType>
      <ItemName>סוכריות מנטוס קלין ברט פירות יער לל"ס21</ItemName>
      <ManufacturerName>לא ידוע</ManufacturerName>
      <ManufactureCountry />
      <ManufacturerItemDescription>סוכריות מנטוס קלין ב</ManufacturerItemDescription>
      <UnitQty>גרמים</UnitQty>
      <Quantity>21.00</Quantity>
      <bIsWeighted>0</bIsWeighted>
      <UnitOfMeasure>100 גרם</UnitOfMeasure>
      <QtyInPackage>1</QtyInPackage>
      <ItemPrice>9.50</ItemPrice>
      <UnitOfMeasurePrice>45.24</UnitOfMeasurePrice>
      <AllowDiscount>1</AllowDiscount>
      <ItemStatus>1</ItemStatus>
    </Item>
    <Item>
      <PriceUpdateDate>2024-07-07 17:54</PriceUpdateDate>
      <ItemCode>80843184</ItemCode>
      <ItemType>1</ItemType>
      <ItemName>מנטוס בבקבוק פיור בטעם ענבים 60 גר</ItemName>
      <ManufacturerName>לא ידוע</ManufacturerName>
      <ManufactureCountry>לא ידוע</ManufactureCountry>
      <ManufacturerItemDescription>מנטוס בבקבוק פיור בט</ManufacturerItemDescription>
      <UnitQty>גרמים</UnitQty>
      <Quantity>60.00</Quantity>
      <bIsWeighted>0</bIsWeighted>
      <UnitOfMeasure>100 גרם</UnitOfMeasure>
      <QtyInPackage>1</QtyInPackage>
      <ItemPrice>12.90</ItemPrice>
      <UnitOfMeasurePrice>21.50</UnitOfMeasurePrice>
      <AllowDiscount>1</AllowDiscount>
      <ItemStatus>1</ItemStatus>
    </Item>
    <Item>
      <PriceUpdateDate>2025-03-11 15:22</PriceUpdateDate>
      <ItemCode>80854753</ItemCode>
      <ItemType>1</ItemType>
      <ItemName>מנטוס מנטה לל"ס 21 גר Clean Breath</ItemName>
      <ManufacturerName>לא ידוע</ManufacturerName>
      <ManufactureCountry />
      <ManufacturerItemDescription>מנטוס מנטה לל"ס 21 ג</ManufacturerItemDescription>
      <UnitQty>גרמים</UnitQty>
      <Quantity>21.00</Quantity>
      <bIsWeighted>0</bIsWeighted>
      <UnitOfMeasure>100 גרם</UnitOfMeasure>
      <QtyInPackage>1</QtyInPackage>
      <ItemPrice>9.50</ItemPrice>
      <UnitOfMeasurePrice>45.24</UnitOfMeasurePrice>
      <AllowDiscount>1</AllowDiscount>
      <ItemStatus>1</ItemStatus>
    </Item>
    <Item>
      <PriceUpdateDate>2025-09-16 12:36</PriceUpdateDate>
      <ItemCode>80874652</ItemCode>
      <ItemType>1</ItemType>
      <ItemName>קינדר קארדס 25.6 גרם</ItemName>
      <ManufacturerName>לא ידוע</ManufacturerName>
      <ManufactureCountry>איטליה</ManufactureCountry>
      <ManufacturerItemDescription>וופל קינדר קארדס 25.</ManufacturerItemDescription>
      <UnitQty>גרמים</UnitQty>
      <Quantity>26.00</Quantity>
      <bIsWeighted>0</bIsWeighted>
      <UnitOfMeasure>100 גרם</UnitOfMeasure>
      <QtyInPackage>1</QtyInPackage>
      <ItemPrice>5.50</ItemPrice>
      <UnitOfMeasurePrice>21.15</UnitOfMeasurePrice>
      <AllowDiscount>1</AllowDiscount>
      <ItemStatus>1</ItemStatus>
    </Item>
    <Item>
      <PriceUpdateDate>2024-07-07 17:54</PriceUpdateDate>
      <ItemCode>80896081</ItemCode>
      <ItemType>1</ItemType>
      <ItemName>מנטוס בבקבוק בינוני פיור פרש אבטיח 60 גר</ItemName>
      <ManufacturerName>לא ידוע</ManufacturerName>
      <ManufactureCountry>לא ידוע</ManufactureCountry>
      <ManufacturerItemDescription>מנטוס בבקבוק בינוני </ManufacturerItemDescription>
      <UnitQty>Unknown</UnitQty>
      <Quantity>0.00</Quantity>
      <bIsWeighted>0</bIsWeighted>
      <UnitOfMeasure>Unknown</UnitOfMeasure>
      <QtyInPackage>1</QtyInPackage>
      <ItemPrice>12.90</ItemPrice>
      <UnitOfMeasurePrice>12.90</UnitOfMeasurePrice>
      <AllowDiscount>1</AllowDiscount>
      <ItemStatus>1</ItemStatus>
    </Item>
    <Item>
      <PriceUpdateDate>2024-07-07 17:54</PriceUpdateDate>
      <ItemCode>80913467</ItemCode>
      <ItemType>1</ItemType>
      <ItemName>מנטוס בבקבוק מעוגל בטעם מנטה 60 גר</ItemName>
      <ManufacturerName>לא ידוע</ManufacturerName>
      <ManufactureCountry>לא ידוע</ManufactureCountry>
      <ManufacturerItemDescription>מנטוס בבקבוק מעוגל ב</ManufacturerItemDescription>
      <UnitQty>Unknown</UnitQty>
      <Quantity>0.00</Quantity>
      <bIsWeighted>0</bIsWeighted>
      <UnitOfMeasure>Unknown</UnitOfMeasure>
      <QtyInPackage>1</QtyInPackage>
      <ItemPrice>12.90</ItemPrice>
      <UnitOfMeasurePrice>12.90</UnitOfMeasurePrice>
      <AllowDiscount>1</AllowDiscount>
      <ItemStatus>1</ItemStatus>
    </Item>
    <Item>
      <PriceUpdateDate>2025-09-16 12:35</PriceUpdateDate>
      <ItemCode>80936848</ItemCode>
      <ItemType>1</ItemType>
      <ItemName>סוכריות טיק טק בטעם תות שדה</ItemName>
      <ManufacturerName>לא ידוע</ManufacturerName>
      <ManufactureCountry>לא ידוע</ManufactureCountry>
      <ManufacturerItemDescription>סוכריות טיק טק בטעם </ManufacturerItemDescription>
      <UnitQty>גרמים</UnitQty>
      <Quantity>16.00</Quantity>
      <bIsWeighted>0</bIsWeighted>
      <UnitOfMeasure>100 גרם</UnitOfMeasure>
      <QtyInPackage>1</QtyInPackage>
      <ItemPrice>5.00</ItemPrice>
      <UnitOfMeasurePrice>31.25</UnitOfMeasurePrice>
      <AllowDiscount>1</AllowDiscount>
      <ItemStatus>1</ItemStatus>
    </Item>
    <Item>
      <PriceUpdateDate>2024-06-27 13:46</PriceUpdateDate>
      <ItemCode>80945468</ItemCode>
      <ItemType>1</ItemType>
      <ItemName>מסטיק מנטוס וייט מנטה מתוקה  60 גרם</ItemName>
      <ManufacturerName>לא ידוע</ManufacturerName>
      <ManufactureCountry>לא ידוע</ManufactureCountry>
      <ManufacturerItemDescription>מסטיק מנטוס וייט מנט</ManufacturerItemDescription>
      <UnitQty>גרמים</UnitQty>
      <Quantity>60.00</Quantity>
      <bIsWeighted>0</bIsWeighted>
      <UnitOfMeasure>100 גרם</UnitOfMeasure>
      <QtyInPackage>1</QtyInPackage>
      <ItemPrice>12.90</ItemPrice>
      <UnitOfMeasurePrice>21.50</UnitOfMeasurePrice>
      <AllowDiscount>1</AllowDiscount>
      <ItemStatus>1</ItemStatus>
    </Item>
    <Item>
      <PriceUpdateDate>2024-07-07 17:54</PriceUpdateDate>
      <ItemCode>80979128</ItemCode>
      <ItemType>1</ItemType>
      <ItemName>מנטוס בבקבוק פיור בטעם דובדבן 60 גר</ItemName>
      <ManufacturerName>לא ידוע</ManufacturerName>
      <ManufactureCountry>לא ידוע</ManufactureCountry>
      <ManufacturerItemDescription>מנטוס בבקבוק פיור בט</ManufacturerItemDescription>
      <UnitQty>גרמים</UnitQty>
      <Quantity>60.00</Quantity>
      <bIsWeighted>0</bIsWeighted>
      <UnitOfMeasure>100 גרם</UnitOfMeasure>
      <QtyInPackage>1</QtyInPackage>
      <ItemPrice>12.90</ItemPrice>
      <UnitOfMeasurePrice>21.50</UnitOfMeasurePrice>
      <AllowDiscount>1</AllowDiscount>
      <ItemStatus>1</ItemStatus>
    </Item>
    <Item>
      <PriceUpdateDate>2024-06-27 13:46</PriceUpdateDate>
      <ItemCode>80982470</ItemCode>
      <ItemType>1</ItemType>
      <ItemName>גומי לעיסה פיור פרוסט בטעם מנטה חזקה</ItemName>
      <ManufacturerName>לא ידוע</ManufacturerName>
      <ManufactureCountry>טורקיה</ManufactureCountry>
      <ManufacturerItemDescription>גומי לעיסה פיור פרוס</ManufacturerItemDescription>
      <UnitQty>גרמים</UnitQty>
      <Quantity>60.00</Quantity>
      <bIsWeighted>0</bIsWeighted>
      <UnitOfMeasure>100 גרם</UnitOfMeasure>
      <QtyInPackage>1</QtyInPackage>
      <ItemPrice>12.90</ItemPrice>
      <UnitOfMeasurePrice>21.50</UnitOfMeasurePrice>
      <AllowDiscount>1</AllowDiscount>
      <ItemStatus>1</ItemStatus>
    </Item>
    <Item>
      <PriceUpdateDate>2024-07-07 17:54</PriceUpdateDate>
      <ItemCode>80995128</ItemCode>
      <ItemType>1</ItemType>
      <ItemName>מסטיק מנטוס ויטמין בטעם הדרים ללא סוכר60</ItemName>
      <ManufacturerName>לא ידוע</ManufacturerName>
      <ManufactureCountry>טורקיה</ManufactureCountry>
      <ManufacturerItemDescription>מסטיק מנטוס ויטמין ב</ManufacturerItemDescription>
      <UnitQty>גרמים</UnitQty>
      <Quantity>60.00</Quantity>
      <bIsWeighted>0</bIsWeighted>
      <UnitOfMeasure>100 גרם</UnitOfMeasure>
      <QtyInPackage>1</QtyInPackage>
      <ItemPrice>12.90</ItemPrice>
      <UnitOfMeasurePrice>21.50</UnitOfMeasurePrice>
      <AllowDiscount>1</AllowDiscount>
      <ItemStatus>1</ItemStatus>
    </Item>
    <Item>
      <PriceUpdateDate>2024-11-21 15:04</PriceUpdateDate>
      <ItemCode>810114510537</ItemCode>
      <ItemType>1</ItemType>
      <ItemName>קונוסים  KS  3  J WARE</ItemName>
      <ManufacturerName>לא ידוע</ManufacturerName>
      <ManufactureCountry>לא ידוע</ManufactureCountry>
      <ManufacturerItemDescription>קונוסים  KS  3  J WA</ManufacturerItemDescription>
      <UnitQty>יחידה</UnitQty>
      <Quantity>1.00</Quantity>
      <bIsWeighted>0</bIsWeighted>
      <UnitOfMeasure>יחידה</UnitOfMeasure>
      <QtyInPackage>1</QtyInPackage>
      <ItemPrice>7.00</ItemPrice>
      <UnitOfMeasurePrice>7.00</UnitOfMeasurePrice>
      <AllowDiscount>1</AllowDiscount>
      <ItemStatus>1</ItemStatus>
    </Item>
    <Item>
      <PriceUpdateDate>2024-07-17 08:35</PriceUpdateDate>
      <ItemCode>8112100298</ItemCode>
      <ItemType>1</ItemType>
      <ItemName>שמן שומשום 185 מל</ItemName>
      <ManufacturerName>לא ידוע</ManufacturerName>
      <ManufactureCountry>לא ידוע</ManufactureCountry>
      <ManufacturerItemDescription>שמן שומשום 185 מ"ל  </ManufacturerItemDescription>
      <UnitQty>מיליליטרים</UnitQty>
      <Quantity>185.00</Quantity>
      <bIsWeighted>0</bIsWeighted>
      <UnitOfMeasure>100 מ"ל</UnitOfMeasure>
      <QtyInPackage>1</QtyInPackage>
      <ItemPrice>19.90</ItemPrice>
      <UnitOfMeasurePrice>10.76</UnitOfMeasurePrice>
      <AllowDiscount>1</AllowDiscount>
      <ItemStatus>1</ItemStatus>
    </Item>
    <Item>
      <PriceUpdateDate>2025-01-14 08:26</PriceUpdateDate>
      <ItemCode>818570007066</ItemCode>
      <ItemType>1</ItemType>
      <ItemName>וטקינס וניל טהור 29 מ"ל</ItemName>
      <ManufacturerName>לא ידוע</ManufacturerName>
      <ManufactureCountry>לא ידוע</ManufactureCountry>
      <ManufacturerItemDescription>וטקינס וניל טהור 29 </ManufacturerItemDescription>
      <UnitQty>מיליליטרים</UnitQty>
      <Quantity>29.00</Quantity>
      <bIsWeighted>0</bIsWeighted>
      <UnitOfMeasure>100 מ"ל</UnitOfMeasure>
      <QtyInPackage>1</QtyInPackage>
      <ItemPrice>35.90</ItemPrice>
      <UnitOfMeasurePrice>123.79</UnitOfMeasurePrice>
      <AllowDiscount>1</AllowDiscount>
      <ItemStatus>1</ItemStatus>
    </Item>
    <Item>
      <PriceUpdateDate>2025-03-06 18:50</PriceUpdateDate>
      <ItemCode>82184090473</ItemCode>
      <ItemType>1</ItemType>
      <ItemName>וויסקי גק דניאלס 700 מ"ל  -אריזת שי</ItemName>
      <ManufacturerName>לא ידוע</ManufacturerName>
      <ManufactureCountry>לא ידוע</ManufactureCountry>
      <ManufacturerItemDescription>וויסקי גק דניאלס 700</ManufacturerItemDescription>
      <UnitQty>מיליליטרים</UnitQty>
      <Quantity>700.00</Quantity>
      <bIsWeighted>0</bIsWeighted>
      <UnitOfMeasure>100 מ"ל</UnitOfMeasure>
      <QtyInPackage>1</QtyInPackage>
      <ItemPrice>132.90</ItemPrice>
      <UnitOfMeasurePrice>18.99</UnitOfMeasurePrice>
      <AllowDiscount>1</AllowDiscount>
      <ItemStatus>1</ItemStatus>
    </Item>
    <Item>
      <PriceUpdateDate>2024-03-18 19:12</PriceUpdateDate>
      <ItemCode>833949000264</ItemCode>
      <ItemType>1</ItemType>
      <ItemName>סירופ מייפל אמיתי 100% אורגני 250 מ"ל</ItemName>
      <ManufacturerName>לא ידוע</ManufacturerName>
      <ManufactureCountry>לא ידוע</ManufactureCountry>
      <ManufacturerItemDescription>סירופ מייפל אמיתי   </ManufacturerItemDescription>
      <UnitQty>מיליליטרים</UnitQty>
      <Quantity>250.00</Quantity>
      <bIsWeighted>0</bIsWeighted>
      <UnitOfMeasure>100 מ"ל</UnitOfMeasure>
      <QtyInPackage>1</QtyInPackage>
      <ItemPrice>37.90</ItemPrice>
      <UnitOfMeasurePrice>15.16</UnitOfMeasurePrice>
      <AllowDiscount>1</AllowDiscount>
      <ItemStatus>1</ItemStatus>
    </Item>
    <Item>
      <PriceUpdateDate>2025-01-05 19:48</PriceUpdateDate>
      <ItemCode>8410013006142</ItemCode>
      <ItemType>1</ItemType>
      <ItemName>יין קודורניו קלאסיקו קאווה רוזה יבש  750</ItemName>
      <ManufacturerName>לא ידוע</ManufacturerName>
      <ManufactureCountry>לא ידוע</ManufactureCountry>
      <ManufacturerItemDescription>יין קודורניו קלאסיקו</ManufacturerItemDescription>
      <UnitQty>Unknown</UnitQty>
      <Quantity>0.00</Quantity>
      <bIsWeighted>0</bIsWeighted>
      <UnitOfMeasure>Unknown</UnitOfMeasure>
      <QtyInPackage>1</QtyInPackage>
      <ItemPrice>49.90</ItemPrice>
      <UnitOfMeasurePrice>49.90</UnitOfMeasurePrice>
      <AllowDiscount>1</AllowDiscount>
      <ItemStatus>1</ItemStatus>
    </Item>
    <Item>
      <PriceUpdateDate>2025-01-14 08:26</PriceUpdateDate>
      <ItemCode>8410013383014</ItemCode>
      <ItemType>1</ItemType>
      <ItemName>יין קאווה קודורניו קלאסיקו חצי יבש 750 מ</ItemName>
      <ManufacturerName>לא ידוע</ManufacturerName>
      <ManufactureCountry>לא ידוע</ManufactureCountry>
      <ManufacturerItemDescription>יין קאווה קודורניו ק</ManufacturerItemDescription>
      <UnitQty>Unknown</UnitQty>
      <Quantity>0.00</Quantity>
      <bIsWeighted>0</bIsWeighted>
      <UnitOfMeasure>Unknown</UnitOfMeasure>
      <QtyInPackage>1</QtyInPackage>
      <ItemPrice>49.90</ItemPrice>
      <UnitOfMeasurePrice>49.90</UnitOfMeasurePrice>
      <AllowDiscount>1</AllowDiscount>
      <ItemStatus>1</ItemStatus>
    </Item>
    <Item>
      <PriceUpdateDate>2024-06-27 13:44</PriceUpdateDate>
      <ItemCode>8410013991042</ItemCode>
      <ItemType>1</ItemType>
      <ItemName>יין קאווה באך יבש 750 מל</ItemName>
      <ManufacturerName>לא ידוע</ManufacturerName>
      <ManufactureCountry>לא ידוע</ManufactureCountry>
      <ManufacturerItemDescription>יין קאווה באך יבש 75</ManufacturerItemDescription>
      <UnitQty>Unknown</UnitQty>
      <Quantity>0.00</Quantity>
      <bIsWeighted>0</bIsWeighted>
      <UnitOfMeasure>Unknown</UnitOfMeasure>
      <QtyInPackage>1</QtyInPackage>
      <ItemPrice>41.90</ItemPrice>
      <UnitOfMeasurePrice>41.90</UnitOfMeasurePrice>
      <AllowDiscount>1</AllowDiscount>
      <ItemStatus>1</ItemStatus>
    </Item>
    <Item>
      <PriceUpdateDate>2024-07-07 17:48</PriceUpdateDate>
      <ItemCode>8410013992094</ItemCode>
      <ItemType>1</ItemType>
      <ItemName>יין קאווה באך חצי יבש 750 מל</ItemName>
      <ManufacturerName>לא ידוע</ManufacturerName>
      <ManufactureCountry>לא ידוע</ManufactureCountry>
      <ManufacturerItemDescription>יין קאווה באך חצי יב</ManufacturerItemDescription>
      <UnitQty>Unknown</UnitQty>
      <Quantity>0.00</Quantity>
      <bIsWeighted>0</bIsWeighted>
      <UnitOfMeasure>Unknown</UnitOfMeasure>
      <QtyInPackage>1</QtyInPackage>
      <ItemPrice>41.90</ItemPrice>
      <UnitOfMeasurePrice>41.90</UnitOfMeasurePrice>
      <AllowDiscount>1</AllowDiscount>
      <ItemStatus>1</ItemStatus>
    </Item>
    <Item>
      <PriceUpdateDate>2025-03-20 12:15</PriceUpdateDate>
      <ItemCode>8410031934892</ItemCode>
      <ItemType>1</ItemType>
      <ItemName>סוכריות צופה צופ מלודי רביעייה 60 גרם</ItemName>
      <ManufacturerName>לא ידוע</ManufacturerName>
      <ManufactureCountry>רוסיה</ManufactureCountry>
      <ManufacturerItemDescription>סוכריות צופה צופ מלו</ManufacturerItemDescription>
      <UnitQty>גרמים</UnitQty>
      <Quantity>60.00</Quantity>
      <bIsWeighted>0</bIsWeighted>
      <UnitOfMeasure>100 גרם</UnitOfMeasure>
      <QtyInPackage>1</QtyInPackage>
      <ItemPrice>13.50</ItemPrice>
      <UnitOfMeasurePrice>22.50</UnitOfMeasurePrice>
      <AllowDiscount>1</AllowDiscount>
      <ItemStatus>1</ItemStatus>
    </Item>
    <Item>
      <PriceUpdateDate>2023-07-20 08:39</PriceUpdateDate>
      <ItemCode>8410104045111</ItemCode>
      <ItemType>1</ItemType>
      <ItemName>פיניש מלח 2 קג</ItemName>
      <ManufacturerName>לא ידוע</ManufacturerName>
      <ManufactureCountry>לא ידוע</ManufactureCountry>
      <ManufacturerItemDescription>פיניש מלח 2 קג      </ManufacturerItemDescription>
      <UnitQty>קילוגרמים</UnitQty>
      <Quantity>0.00</Quantity>
      <bIsWeighted>0</bIsWeighted>
      <UnitOfMeasure>ק"ג</UnitOfMeasure>
      <QtyInPackage>1</QtyInPackage>
      <ItemPrice>19.90</ItemPrice>
      <UnitOfMeasurePrice>19.90</UnitOfMeasurePrice>
      <AllowDiscount>1</AllowDiscount>
      <ItemStatus>1</ItemStatus>
    </Item>
    <Item>
      <PriceUpdateDate>2024-12-01 09:10</PriceUpdateDate>
      <ItemCode>8410376009392</ItemCode>
      <ItemType>1</ItemType>
      <ItemName>ביסקוויט ללת"ס חיטה מלאה 170 גר</ItemName>
      <ManufacturerName>לא ידוע</ManufacturerName>
      <ManufactureCountry>לא ידוע</ManufactureCountry>
      <ManufacturerItemDescription>ביסקוויט חיטה מלאה  </ManufacturerItemDescription>
      <UnitQty>גרמים</UnitQty>
      <Quantity>170.00</Quantity>
      <bIsWeighted>0</bIsWeighted>
      <UnitOfMeasure>100 גרם</UnitOfMeasure>
      <QtyInPackage>1</QtyInPackage>
      <ItemPrice>12.90</ItemPrice>
      <UnitOfMeasurePrice>7.59</UnitOfMeasurePrice>
      <AllowDiscount>1</AllowDiscount>
      <ItemStatus>1</ItemStatus>
    </Item>
    <Item>
      <PriceUpdateDate>2024-12-01 09:10</PriceUpdateDate>
      <ItemCode>8410376037784</ItemCode>
      <ItemType>1</ItemType>
      <ItemName>ביסקויט ללת"ס סנדוויץ שוקו 250 גר גונץ</ItemName>
      <ManufacturerName>לא ידוע</ManufacturerName>
      <ManufactureCountry>לא ידוע</ManufactureCountry>
      <ManufacturerItemDescription>ביסקויט ללת"ס סנדווי</ManufacturerItemDescription>
      <UnitQty>גרמים</UnitQty>
      <Quantity>250.00</Quantity>
      <bIsWeighted>0</bIsWeighted>
      <UnitOfMeasure>100 גרם</UnitOfMeasure>
      <QtyInPackage>1</QtyInPackage>
      <ItemPrice>20.90</ItemPrice>
      <UnitOfMeasurePrice>8.36</UnitOfMeasurePrice>
      <AllowDiscount>1</AllowDiscount>
      <ItemStatus>1</ItemStatus>
    </Item>
    <Item>
      <PriceUpdateDate>2025-09-05 09:14</PriceUpdateDate>
      <ItemCode>8410376057270</ItemCode>
      <ItemType>1</ItemType>
      <ItemName>גולון-ביסקוויט ללא סוכר עם ש.מריר 150 גר</ItemName>
      <ManufacturerName>לא ידוע</ManufacturerName>
      <ManufactureCountry>ES</ManufactureCountry>
      <ManufacturerItemDescription>גולון-ביסקוויט ללת"ס</ManufacturerItemDescription>
      <UnitQty>גרמים</UnitQty>
      <Quantity>150.00</Quantity>
      <bIsWeighted>0</bIsWeighted>
      <UnitOfMeasure>100 גרם</UnitOfMeasure>
      <QtyInPackage>1</QtyInPackage>
      <ItemPrice>20.90</ItemPrice>
      <UnitOfMeasurePrice>13.93</UnitOfMeasurePrice>
      <AllowDiscount>1</AllowDiscount>
      <ItemStatus>1</ItemStatus>
    </Item>
    <Item>
      <PriceUpdateDate>2024-12-01 09:10</PriceUpdateDate>
      <ItemCode>8410376059397</ItemCode>
      <ItemType>1</ItemType>
      <ItemName>גולון וופל שוקולד ללא תוספת סוכר 180 גרם</ItemName>
      <ManufacturerName>לא ידוע</ManufacturerName>
      <ManufactureCountry>ספרד</ManufactureCountry>
      <ManufacturerItemDescription>גולון וופל שוקולד לל</ManufacturerItemDescription>
      <UnitQty>גרמים</UnitQty>
      <Quantity>180.00</Quantity>
      <bIsWeighted>0</bIsWeighted>
      <UnitOfMeasure>100 גרם</UnitOfMeasure>
      <QtyInPackage>1</QtyInPackage>
      <ItemPrice>20.90</ItemPrice>
      <UnitOfMeasurePrice>11.61</UnitOfMeasurePrice>
      <AllowDiscount>1</AllowDiscount>
      <ItemStatus>1</ItemStatus>
    </Item>
    <Item>
      <PriceUpdateDate>2023-02-06 08:36</PriceUpdateDate>
      <ItemCode>8410406311006</ItemCode>
      <ItemType>1</ItemType>
      <ItemName>מרקז דה קסרס ריוחה קריאנזה 750 מל</ItemName>
      <ManufacturerName>לא ידוע</ManufacturerName>
      <ManufactureCountry>לא ידוע</ManufactureCountry>
      <ManufacturerItemDescription>מרקז דה קסרס ריוחה  </ManufacturerItemDescription>
      <UnitQty>Unknown</UnitQty>
      <Quantity>0.00</Quantity>
      <bIsWeighted>0</bIsWeighted>
      <UnitOfMeasure>Unknown</UnitOfMeasure>
      <QtyInPackage>1</QtyInPackage>
      <ItemPrice>76.90</ItemPrice>
      <UnitOfMeasurePrice>76.90</UnitOfMeasurePrice>
      <AllowDiscount>1</AllowDiscount>
      <ItemStatus>1</ItemStatus>
    </Item>
    <Item>
      <PriceUpdateDate>2024-06-04 16:59</PriceUpdateDate>
      <ItemCode>8410628464085</ItemCode>
      <ItemType>1</ItemType>
      <ItemName>טונה ספרדית בשמן חמניות 190 גרם</ItemName>
      <ManufacturerName>לא ידוע</ManufacturerName>
      <ManufactureCountry>לא ידוע</ManufactureCountry>
      <ManufacturerItemDescription>טונה ספרדית בשמן חמנ</ManufacturerItemDescription>
      <UnitQty>גרמים</UnitQty>
      <Quantity>190.00</Quantity>
      <bIsWeighted>0</bIsWeighted>
      <UnitOfMeasure>100 גרם</UnitOfMeasure>
      <QtyInPackage>1</QtyInPackage>
      <ItemPrice>27.90</ItemPrice>
      <UnitOfMeasurePrice>14.68</UnitOfMeasurePrice>
      <AllowDiscount>1</AllowDiscount>
      <ItemStatus>1</ItemStatus>
    </Item>
    <Item>
      <PriceUpdateDate>2024-04-20 09:10</PriceUpdateDate>
      <ItemCode>8410655002410</ItemCode>
      <ItemType>1</ItemType>
      <ItemName>בירה סאן מיגל ללא גלוטן 330 מ"ל</ItemName>
      <ManufacturerName>לא ידוע</ManufacturerName>
      <ManufactureCountry>לא ידוע</ManufactureCountry>
      <ManufacturerItemDescription>בירה סאן מיגל ללא גל</ManufacturerItemDescription>
      <UnitQty>מיליליטרים</UnitQty>
      <Quantity>330.00</Quantity>
      <bIsWeighted>0</bIsWeighted>
      <UnitOfMeasure>100 מ"ל</UnitOfMeasure>
      <QtyInPackage>1</QtyInPackage>
      <ItemPrice>11.90</ItemPrice>
      <UnitOfMeasurePrice>3.61</UnitOfMeasurePrice>
      <AllowDiscount>1</AllowDiscount>
      <ItemStatus>1</ItemStatus>
    </Item>
    <Item>
      <PriceUpdateDate>2024-03-18 19:11</PriceUpdateDate>
      <ItemCode>8410655006555</ItemCode>
      <ItemType>1</ItemType>
      <ItemName>בירה סאן מיגל פרסקה 330 מ"ל מארז שישייה</ItemName>
      <ManufacturerName>לא ידוע</ManufacturerName>
      <ManufactureCountry>לא ידוע</ManufactureCountry>
      <ManufacturerItemDescription>בירה סאן מיגל פרסקה </ManufacturerItemDescription>
      <UnitQty>מיליליטרים</UnitQty>
      <Quantity>1980.00</Quantity>
      <bIsWeighted>0</bIsWeighted>
      <UnitOfMeasure>100 מ"ל</UnitOfMeasure>
      <QtyInPackage>1</QtyInPackage>
      <ItemPrice>46.90</ItemPrice>
      <UnitOfMeasurePrice>2.37</UnitOfMeasurePrice>
      <AllowDiscount>1</AllowDiscount>
      <ItemStatus>1</ItemStatus>
    </Item>
    <Item>
      <PriceUpdateDate>2025-03-25 07:01</PriceUpdateDate>
      <ItemCode>8411320234006</ItemCode>
      <ItemType>1</ItemType>
      <ItemName>נתחי טונה לבנה בשמן זית 112 ג ORTIZ פחית</ItemName>
      <ManufacturerName>לא ידוע</ManufacturerName>
      <ManufactureCountry>לא ידוע</ManufactureCountry>
      <ManufacturerItemDescription>נתחי טונה לבנה בשמן </ManufacturerItemDescription>
      <UnitQty>גרמים</UnitQty>
      <Quantity>112.00</Quantity>
      <bIsWeighted>0</bIsWeighted>
      <UnitOfMeasure>100 גרם</UnitOfMeasure>
      <QtyInPackage>1</QtyInPackage>
      <ItemPrice>26.90</ItemPrice>
      <UnitOfMeasurePrice>24.02</UnitOfMeasurePrice>
      <AllowDiscount>1</AllowDiscount>
      <ItemStatus>1</ItemStatus>
    </Item>
    <Item>
      <PriceUpdateDate>2025-01-15 10:18</PriceUpdateDate>
      <ItemCode>8413165061618</ItemCode>
      <ItemType>1</ItemType>
      <ItemName>אוגרטה ריוחה קריאנזה 750 מל</ItemName>
      <ManufacturerName>לא ידוע</ManufacturerName>
      <ManufactureCountry>לא ידוע</ManufactureCountry>
      <ManufacturerItemDescription>אוגרטה ריוחה קריאנזה</ManufacturerItemDescription>
      <UnitQty>Unknown</UnitQty>
      <Quantity>0.00</Quantity>
      <bIsWeighted>0</bIsWeighted>
      <UnitOfMeasure>Unknown</UnitOfMeasure>
      <QtyInPackage>1</QtyInPackage>
      <ItemPrice>59.90</ItemPrice>
      <UnitOfMeasurePrice>59.90</UnitOfMeasurePrice>
      <AllowDiscount>1</AllowDiscount>
      <ItemStatus>1</ItemStatus>
    </Item>
    <Item>
      <PriceUpdateDate>2025-01-15 10:18</PriceUpdateDate>
      <ItemCode>8413165070825</ItemCode>
      <ItemType>1</ItemType>
      <ItemName>אוגרטה ריוחה קוסצה 2012 750 מל</ItemName>
      <ManufacturerName>לא ידוע</ManufacturerName>
      <ManufactureCountry>לא ידוע</ManufactureCountry>
      <ManufacturerItemDescription>אוגרטה ריוחה קוסצה  </ManufacturerItemDescription>
      <UnitQty>Unknown</UnitQty>
      <Quantity>0.00</Quantity>
      <bIsWeighted>0</bIsWeighted>
      <UnitOfMeasure>Unknown</UnitOfMeasure>
      <QtyInPackage>1</QtyInPackage>
      <ItemPrice>46.90</ItemPrice>
      <UnitOfMeasurePrice>46.90</UnitOfMeasurePrice>
      <AllowDiscount>1</AllowDiscount>
      <ItemStatus>1</ItemStatus>
    </Item>
    <Item>
      <PriceUpdateDate>2025-01-15 10:18</PriceUpdateDate>
      <ItemCode>8413165070931</ItemCode>
      <ItemType>1</ItemType>
      <ItemName>יין אוגרטה ריוחה לבן 750 מ"ל</ItemName>
      <ManufacturerName>לא ידוע</ManufacturerName>
      <ManufactureCountry>ES</ManufactureCountry>
      <ManufacturerItemDescription>יין אוגרטה ריוחה לבן</ManufacturerItemDescription>
      <UnitQty>Unknown</UnitQty>
      <Quantity>0.00</Quantity>
      <bIsWeighted>0</bIsWeighted>
      <UnitOfMeasure>Unknown</UnitOfMeasure>
      <QtyInPackage>1</QtyInPackage>
      <ItemPrice>46.90</ItemPrice>
      <UnitOfMeasurePrice>46.90</UnitOfMeasurePrice>
      <AllowDiscount>1</AllowDiscount>
      <ItemStatus>1</ItemStatus>
    </Item>
    <Item>
      <PriceUpdateDate>2025-01-15 10:18</PriceUpdateDate>
      <ItemCode>8413165071334</ItemCode>
      <ItemType>1</ItemType>
      <ItemName>יין אוגרטה ריוחה רוזה 750 מ"ל</ItemName>
      <ManufacturerName>לא ידוע</ManufacturerName>
      <ManufactureCountry>ES</ManufactureCountry>
      <ManufacturerItemDescription>יין אוגרטה ריוחה רוז</ManufacturerItemDescription>
      <UnitQty>Unknown</UnitQty>
      <Quantity>0.00</Quantity>
      <bIsWeighted>0</bIsWeighted>
      <UnitOfMeasure>Unknown</UnitOfMeasure>
      <QtyInPackage>1</QtyInPackage>
      <ItemPrice>46.90</ItemPrice>
      <UnitOfMeasurePrice>46.90</UnitOfMeasurePrice>
      <AllowDiscount>1</AllowDiscount>
      <ItemStatus>1</ItemStatus>
    </Item>
    <Item>
      <PriceUpdateDate>2024-10-09 13:17</PriceUpdateDate>
      <ItemCode>8422424424347</ItemCode>
      <ItemType>1</ItemType>
      <ItemName>טורטיה חיטה 25 ס"מ 378 גרם</ItemName>
      <ManufacturerName>מיסיון פודס איבריה</ManufacturerName>
      <ManufactureCountry>ES</ManufactureCountry>
      <ManufacturerItemDescription>טורטיה חיטה 25 ס"מ 1</ManufacturerItemDescription>
      <UnitQty>גרמים</UnitQty>
      <Quantity>378.00</Quantity>
      <bIsWeighted>0</bIsWeighted>
      <UnitOfMeasure>100 גרם</UnitOfMeasure>
      <QtyInPackage>1</QtyInPackage>
      <ItemPrice>12.90</ItemPrice>
      <UnitOfMeasurePrice>3.41</UnitOfMeasurePrice>
      <AllowDiscount>1</AllowDiscount>
      <ItemStatus>1</ItemStatus>
    </Item>
    <Item>
      <PriceUpdateDate>2022-05-27 10:27</PriceUpdateDate>
      <ItemCode>8423207206488</ItemCode>
      <ItemType>1</ItemType>
      <ItemName>חטיף דגנים מלאים מצופה שוקולד חלב 120 גר</ItemName>
      <ManufacturerName>לא ידוע</ManufacturerName>
      <ManufactureCountry>לא ידוע</ManufactureCountry>
      <ManufacturerItemDescription>חטיף דגנים מלאים מצו</ManufacturerItemDescription>
      <UnitQty>גרמים</UnitQty>
      <Quantity>120.00</Quantity>
      <bIsWeighted>0</bIsWeighted>
      <UnitOfMeasure>100 גרם</UnitOfMeasure>
      <QtyInPackage>1</QtyInPackage>
      <ItemPrice>13.90</ItemPrice>
      <UnitOfMeasurePrice>11.58</UnitOfMeasurePrice>
      <AllowDiscount>1</AllowDiscount>
      <ItemStatus>1</ItemStatus>
    </Item>
    <Item>
      <PriceUpdateDate>2022-05-27 10:28</PriceUpdateDate>
      <ItemCode>8423207206495</ItemCode>
      <ItemType>1</ItemType>
      <ItemName>חטיף דגנים מלאים מצופה שוקולד מריר 120 ג</ItemName>
      <ManufacturerName>לא ידוע</ManufacturerName>
      <ManufactureCountry>לא ידוע</ManufactureCountry>
      <ManufacturerItemDescription>חטיף דגנים מלאים מצו</ManufacturerItemDescription>
      <UnitQty>גרמים</UnitQty>
      <Quantity>120.00</Quantity>
      <bIsWeighted>0</bIsWeighted>
      <UnitOfMeasure>100 גרם</UnitOfMeasure>
      <QtyInPackage>1</QtyInPackage>
      <ItemPrice>13.90</ItemPrice>
      <UnitOfMeasurePrice>11.58</UnitOfMeasurePrice>
      <AllowDiscount>1</AllowDiscount>
      <ItemStatus>1</ItemStatus>
    </Item>
    <Item>
      <PriceUpdateDate>2022-05-27 10:27</PriceUpdateDate>
      <ItemCode>8423207207362</ItemCode>
      <ItemType>1</ItemType>
      <ItemName>חטיף דגנים סלים דליס שוקולד לבן 120 גר</ItemName>
      <ManufacturerName>לא ידוע</ManufacturerName>
      <ManufactureCountry>לא ידוע</ManufactureCountry>
      <ManufacturerItemDescription>חטיף דגנים סלים דליס</ManufacturerItemDescription>
      <UnitQty>גרמים</UnitQty>
      <Quantity>120.00</Quantity>
      <bIsWeighted>0</bIsWeighted>
      <UnitOfMeasure>100 גרם</UnitOfMeasure>
      <QtyInPackage>1</QtyInPackage>
      <ItemPrice>13.90</ItemPrice>
      <UnitOfMeasurePrice>11.58</UnitOfMeasurePrice>
      <AllowDiscount>1</AllowDiscount>
      <ItemStatus>1</ItemStatus>
    </Item>
    <Item>
      <PriceUpdateDate>2022-05-27 10:27</PriceUpdateDate>
      <ItemCode>8423207208680</ItemCode>
      <ItemType>1</ItemType>
      <ItemName>סלים דליס לילדים עם שוקולד חלב 120 גרם</ItemName>
      <ManufacturerName>לא ידוע</ManufacturerName>
      <ManufactureCountry>לא ידוע</ManufactureCountry>
      <ManufacturerItemDescription>סלים דליס לילדים עם </ManufacturerItemDescription>
      <UnitQty>גרמים</UnitQty>
      <Quantity>120.00</Quantity>
      <bIsWeighted>0</bIsWeighted>
      <UnitOfMeasure>100 גרם</UnitOfMeasure>
      <QtyInPackage>1</QtyInPackage>
      <ItemPrice>13.90</ItemPrice>
      <UnitOfMeasurePrice>11.58</UnitOfMeasurePrice>
      <AllowDiscount>1</AllowDiscount>
      <ItemStatus>1</ItemStatus>
    </Item>
    <Item>
      <PriceUpdateDate>2022-05-27 10:26</PriceUpdateDate>
      <ItemCode>8423207208703</ItemCode>
      <ItemType>1</ItemType>
      <ItemName>סלים דליס מהדורה  עם שוקולד מריר 120 גרם</ItemName>
      <ManufacturerName>לא ידוע</ManufacturerName>
      <ManufactureCountry>לא ידוע</ManufactureCountry>
      <ManufacturerItemDescription>סלים דליס מהדורה  עם</ManufacturerItemDescription>
      <UnitQty>גרמים</UnitQty>
      <Quantity>120.00</Quantity>
      <bIsWeighted>0</bIsWeighted>
      <UnitOfMeasure>100 גרם</UnitOfMeasure>
      <QtyInPackage>1</QtyInPackage>
      <ItemPrice>13.90</ItemPrice>
      <UnitOfMeasurePrice>11.58</UnitOfMeasurePrice>
      <AllowDiscount>1</AllowDiscount>
      <ItemStatus>1</ItemStatus>
    </Item>
    <Item>
      <PriceUpdateDate>2024-08-12 23:00</PriceUpdateDate>
      <ItemCode>8423371008048</ItemCode>
      <ItemType>1</ItemType>
      <ItemName>בוטנים מלוחים בדבש 125 גרם</ItemName>
      <ManufacturerName>לא ידוע</ManufacturerName>
      <ManufactureCountry>ספרד</ManufactureCountry>
      <ManufacturerItemDescription>בוטנים מלוחים בדבש 1</ManufacturerItemDescription>
      <UnitQty>גרמים</UnitQty>
      <Quantity>125.00</Quantity>
      <bIsWeighted>0</bIsWeighted>
      <UnitOfMeasure>100 גרם</UnitOfMeasure>
      <QtyInPackage>1</QtyInPackage>
      <ItemPrice>14.20</ItemPrice>
      <UnitOfMeasurePrice>11.36</UnitOfMeasurePrice>
      <AllowDiscount>1</AllowDiscount>
      <ItemStatus>1</ItemStatus>
    </Item>
    <Item>
      <PriceUpdateDate>2023-03-24 14:43</PriceUpdateDate>
      <ItemCode>8423453905692</ItemCode>
      <ItemType>1</ItemType>
      <ItemName>בירה ווילדר לאגר 500 מ"ל פחית</ItemName>
      <ManufacturerName>לא ידוע</ManufacturerName>
      <ManufactureCountry>ספרד</ManufactureCountry>
      <ManufacturerItemDescription>בירה ווילדר לאגר 500</ManufacturerItemDescription>
      <UnitQty>מיליליטרים</UnitQty>
      <Quantity>500.00</Quantity>
      <bIsWeighted>0</bIsWeighted>
      <UnitOfMeasure>100 מ"ל</UnitOfMeasure>
      <QtyInPackage>1</QtyInPackage>
      <ItemPrice>8.90</ItemPrice>
      <UnitOfMeasurePrice>1.78</UnitOfMeasurePrice>
      <AllowDiscount>1</AllowDiscount>
      <ItemStatus>1</ItemStatus>
    </Item>
    <Item>
      <PriceUpdateDate>2023-01-07 06:10</PriceUpdateDate>
      <ItemCode>84253240482</ItemCode>
      <ItemType>1</ItemType>
      <ItemName>אימגן ציר אורגני  ירקות 946 מ"ל</ItemName>
      <ManufacturerName>לא ידוע</ManufacturerName>
      <ManufactureCountry>לא ידוע</ManufactureCountry>
      <ManufacturerItemDescription>אימגיין ציר ירקות או</ManufacturerItemDescription>
      <UnitQty>מיליליטרים</UnitQty>
      <Quantity>946.00</Quantity>
      <bIsWeighted>0</bIsWeighted>
      <UnitOfMeasure>100 מ"ל</UnitOfMeasure>
      <QtyInPackage>1</QtyInPackage>
      <ItemPrice>37.90</ItemPrice>
      <UnitOfMeasurePrice>4.01</UnitOfMeasurePrice>
      <AllowDiscount>1</AllowDiscount>
      <ItemStatus>1</ItemStatus>
    </Item>
    <Item>
      <PriceUpdateDate>2025-06-25 06:21</PriceUpdateDate>
      <ItemCode>8426617010126</ItemCode>
      <ItemType>1</ItemType>
      <ItemName>הריבו פייבוריטס פיוזן 90 גר</ItemName>
      <ManufacturerName>לא ידוע</ManufacturerName>
      <ManufactureCountry>ספרד</ManufactureCountry>
      <ManufacturerItemDescription>הריבו פייבוריטס פיוז</ManufacturerItemDescription>
      <UnitQty>גרמים</UnitQty>
      <Quantity>90.00</Quantity>
      <bIsWeighted>0</bIsWeighted>
      <UnitOfMeasure>100 גרם</UnitOfMeasure>
      <QtyInPackage>1</QtyInPackage>
      <ItemPrice>8.50</ItemPrice>
      <UnitOfMeasurePrice>9.44</UnitOfMeasurePrice>
      <AllowDiscount>1</AllowDiscount>
      <ItemStatus>1</ItemStatus>
    </Item>
    <Item>
      <PriceUpdateDate>2025-08-13 14:50</PriceUpdateDate>
      <ItemCode>8426617012786</ItemCode>
      <ItemType>1</ItemType>
      <ItemName>הריבו בננה 90 גרם</ItemName>
      <ManufacturerName>לא ידוע</ManufacturerName>
      <ManufactureCountry>ספרד</ManufactureCountry>
      <ManufacturerItemDescription>הריבו בננה 90 גרם   </ManufacturerItemDescription>
      <UnitQty>גרמים</UnitQty>
      <Quantity>90.00</Quantity>
      <bIsWeighted>0</bIsWeighted>
      <UnitOfMeasure>100 גרם</UnitOfMeasure>
      <QtyInPackage>1</QtyInPackage>
      <ItemPrice>8.50</ItemPrice>
      <UnitOfMeasurePrice>9.44</UnitOfMeasurePrice>
      <AllowDiscount>1</AllowDiscount>
      <ItemStatus>1</ItemStatus>
    </Item>
    <Item>
      <PriceUpdateDate>2025-07-10 11:27</PriceUpdateDate>
      <ItemCode>8431438000089</ItemCode>
      <ItemType>1</ItemType>
      <ItemName>גבינה איבריקו גוורדמור ספרדי במשקל</ItemName>
      <ManufacturerName>לא ידוע</ManufacturerName>
      <ManufactureCountry>לא ידוע</ManufactureCountry>
      <ManufacturerItemDescription>גבינה גוורדמור ספרדי</ManufacturerItemDescription>
      <UnitQty>Unknown</UnitQty>
      <Quantity>0.00</Quantity>
      <bIsWeighted>1</bIsWeighted>
      <UnitOfMeasure>ק"ג</UnitOfMeasure>
      <QtyInPackage>0</QtyInPackage>
      <ItemPrice>249.00</ItemPrice>
      <UnitOfMeasurePrice>249.00</UnitOfMeasurePrice>
      <AllowDiscount>1</AllowDiscount>
      <ItemStatus>1</ItemStatus>
    </Item>
    <Item>
      <PriceUpdateDate>2025-07-10 11:25</PriceUpdateDate>
      <ItemCode>8431438000256</ItemCode>
      <ItemType>1</ItemType>
      <ItemName>מנצגו קייסו ספרדי במשקל</ItemName>
      <ManufacturerName>לא ידוע</ManufacturerName>
      <ManufactureCountry>לא ידוע</ManufactureCountry>
      <ManufacturerItemDescription>מנצגו קייסו ספרדי במ</ManufacturerItemDescription>
      <UnitQty>Unknown</UnitQty>
      <Quantity>0.00</Quantity>
      <bIsWeighted>1</bIsWeighted>
      <UnitOfMeasure>ק"ג</UnitOfMeasure>
      <QtyInPackage>0</QtyInPackage>
      <ItemPrice>259.00</ItemPrice>
      <UnitOfMeasurePrice>259.00</UnitOfMeasurePrice>
      <AllowDiscount>1</AllowDiscount>
      <ItemStatus>1</ItemStatus>
    </Item>
    <Item>
      <PriceUpdateDate>2024-11-06 08:15</PriceUpdateDate>
      <ItemCode>8433853</ItemCode>
      <ItemType>1</ItemType>
      <ItemName>כתף בקר מעושן מזרע</ItemName>
      <ManufacturerName>לא ידוע</ManufacturerName>
      <ManufactureCountry>לא ידוע</ManufactureCountry>
      <ManufacturerItemDescription>כתף בקר מעושנת מזרע </ManufacturerItemDescription>
      <UnitQty>Unknown</UnitQty>
      <Quantity>0.00</Quantity>
      <bIsWeighted>1</bIsWeighted>
      <UnitOfMeasure>ק"ג</UnitOfMeasure>
      <QtyInPackage>0</QtyInPackage>
      <ItemPrice>155.00</ItemPrice>
      <UnitOfMeasurePrice>155.00</UnitOfMeasurePrice>
      <AllowDiscount>1</AllowDiscount>
      <ItemStatus>1</ItemStatus>
    </Item>
    <Item>
      <PriceUpdateDate>2025-03-20 12:16</PriceUpdateDate>
      <ItemCode>8434165466333</ItemCode>
      <ItemType>1</ItemType>
      <ItemName>קריט מיני קרקר עגול 350 גר</ItemName>
      <ManufacturerName>לא ידוע</ManufacturerName>
      <ManufactureCountry>ספרד</ManufactureCountry>
      <ManufacturerItemDescription>קריט מיני קרקר עגול </ManufacturerItemDescription>
      <UnitQty>גרמים</UnitQty>
      <Quantity>350.00</Quantity>
      <bIsWeighted>0</bIsWeighted>
      <UnitOfMeasure>100 גרם</UnitOfMeasure>
      <QtyInPackage>1</QtyInPackage>
      <ItemPrice>15.20</ItemPrice>
      <UnitOfMeasurePrice>4.34</UnitOfMeasurePrice>
      <AllowDiscount>1</AllowDiscount>
      <ItemStatus>1</ItemStatus>
    </Item>
    <Item>
      <PriceUpdateDate>2025-07-02 11:06</PriceUpdateDate>
      <ItemCode>8434165671140</ItemCode>
      <ItemType>1</ItemType>
      <ItemName>קריט מיני קרקרים דגיגונים 350 גר</ItemName>
      <ManufacturerName>לא ידוע</ManufacturerName>
      <ManufactureCountry>ES</ManufactureCountry>
      <ManufacturerItemDescription>קריט מיני קרקרים דגי</ManufacturerItemDescription>
      <UnitQty>גרמים</UnitQty>
      <Quantity>350.00</Quantity>
      <bIsWeighted>0</bIsWeighted>
      <UnitOfMeasure>100 גרם</UnitOfMeasure>
      <QtyInPackage>1</QtyInPackage>
      <ItemPrice>15.20</ItemPrice>
      <UnitOfMeasurePrice>4.34</UnitOfMeasurePrice>
      <AllowDiscount>1</AllowDiscount>
      <ItemStatus>1</ItemStatus>
    </Item>
    <Item>
      <PriceUpdateDate>2022-05-27 10:29</PriceUpdateDate>
      <ItemCode>8434638</ItemCode>
      <ItemType>1</ItemType>
      <ItemName>פרגיות עוף שווארמה טרי</ItemName>
      <ManufacturerName>לא ידוע</ManufacturerName>
      <ManufactureCountry>IL</ManufactureCountry>
      <ManufacturerItemDescription>פרגית שווארמה טרי   </ManufacturerItemDescription>
      <UnitQty>Unknown</UnitQty>
      <Quantity>0.00</Quantity>
      <bIsWeighted>1</bIsWeighted>
      <UnitOfMeasure>ק"ג</UnitOfMeasure>
      <QtyInPackage>0</QtyInPackage>
      <ItemPrice>62.90</ItemPrice>
      <UnitOfMeasurePrice>62.90</UnitOfMeasurePrice>
      <AllowDiscount>1</AllowDiscount>
      <ItemStatus>1</ItemStatus>
    </Item>
    <Item>
      <PriceUpdateDate>2025-07-10 11:35</PriceUpdateDate>
      <ItemCode>8434799</ItemCode>
      <ItemType>1</ItemType>
      <ItemName>צדר לבן גרמני במשקל</ItemName>
      <ManufacturerName>לא ידוע</ManufacturerName>
      <ManufactureCountry>IE</ManufactureCountry>
      <ManufacturerItemDescription>צדר לבן גרמני במשקל </ManufacturerItemDescription>
      <UnitQty>Unknown</UnitQty>
      <Quantity>0.00</Quantity>
      <bIsWeighted>1</bIsWeighted>
      <UnitOfMeasure>ק"ג</UnitOfMeasure>
      <QtyInPackage>0</QtyInPackage>
      <ItemPrice>125.00</ItemPrice>
      <UnitOfMeasurePrice>125.00</UnitOfMeasurePrice>
      <AllowDiscount>1</AllowDiscount>
      <ItemStatus>1</ItemStatus>
    </Item>
    <Item>
      <PriceUpdateDate>2024-03-04 12:21</PriceUpdateDate>
      <ItemCode>8437005015180</ItemCode>
      <ItemType>1</ItemType>
      <ItemName>אוכמניות</ItemName>
      <ManufacturerName>לא ידוע</ManufacturerName>
      <ManufactureCountry>לא ידוע</ManufactureCountry>
      <ManufacturerItemDescription>אוכמניות            </ManufacturerItemDescription>
      <UnitQty>Unknown</UnitQty>
      <Quantity>0.00</Quantity>
      <bIsWeighted>0</bIsWeighted>
      <UnitOfMeasure>Unknown</UnitOfMeasure>
      <QtyInPackage>1</QtyInPackage>
      <ItemPrice>19.90</ItemPrice>
      <UnitOfMeasurePrice>19.90</UnitOfMeasurePrice>
      <AllowDiscount>1</AllowDiscount>
      <ItemStatus>1</ItemStatus>
    </Item>
    <Item>
      <PriceUpdateDate>2024-11-21 16:57</PriceUpdateDate>
      <ItemCode>8437020396011</ItemCode>
      <ItemType>1</ItemType>
      <ItemName>פראנוי פטל מוקפא מצופה שוקולד לבן 150 גר</ItemName>
      <ManufacturerName>לא ידוע</ManufacturerName>
      <ManufactureCountry>ES</ManufactureCountry>
      <ManufacturerItemDescription>פראנוי פטל מוקפא מצו</ManufacturerItemDescription>
      <UnitQty>גרמים</UnitQty>
      <Quantity>150.00</Quantity>
      <bIsWeighted>0</bIsWeighted>
      <UnitOfMeasure>100 גרם</UnitOfMeasure>
      <QtyInPackage>1</QtyInPackage>
      <ItemPrice>42.90</ItemPrice>
      <UnitOfMeasurePrice>28.60</UnitOfMeasurePrice>
      <AllowDiscount>1</AllowDiscount>
      <ItemStatus>1</ItemStatus>
    </Item>
    <Item>
      <PriceUpdateDate>2024-11-21 16:57</PriceUpdateDate>
      <ItemCode>8437020396028</ItemCode>
      <ItemType>1</ItemType>
      <ItemName>פראנוי פטל מוקפא מ.שוקולד לבן ומריר 150</ItemName>
      <ManufacturerName>לא ידוע</ManufacturerName>
      <ManufactureCountry>ES</ManufactureCountry>
      <ManufacturerItemDescription>פראנוי פטל מוקפא מ.ש</ManufacturerItemDescription>
      <UnitQty>גרמים</UnitQty>
      <Quantity>150.00</Quantity>
      <bIsWeighted>0</bIsWeighted>
      <UnitOfMeasure>100 גרם</UnitOfMeasure>
      <QtyInPackage>1</QtyInPackage>
      <ItemPrice>42.90</ItemPrice>
      <UnitOfMeasurePrice>28.60</UnitOfMeasurePrice>
      <AllowDiscount>1</AllowDiscount>
      <ItemStatus>1</ItemStatus>
    </Item>
    <Item>
      <PriceUpdateDate>2025-03-25 07:06</PriceUpdateDate>
      <ItemCode>8437023582626</ItemCode>
      <ItemType>1</ItemType>
      <ItemName>ריבת חלב הוואנה לחיץ 400 גר</ItemName>
      <ManufacturerName>לא ידוע</ManufacturerName>
      <ManufactureCountry>ספרד</ManufactureCountry>
      <ManufacturerItemDescription>ריבת חלב הוואנה לחיץ</ManufacturerItemDescription>
      <UnitQty>גרמים</UnitQty>
      <Quantity>400.00</Quantity>
      <bIsWeighted>0</bIsWeighted>
      <UnitOfMeasure>100 גרם</UnitOfMeasure>
      <QtyInPackage>1</QtyInPackage>
      <ItemPrice>28.90</ItemPrice>
      <UnitOfMeasurePrice>7.23</UnitOfMeasurePrice>
      <AllowDiscount>1</AllowDiscount>
      <ItemStatus>1</ItemStatus>
    </Item>
    <Item>
      <PriceUpdateDate>2024-01-06 07:59</PriceUpdateDate>
      <ItemCode>84380985713</ItemCode>
      <ItemType>1</ItemType>
      <ItemName>סאנט דלפור פטל רימונים 284 גרם</ItemName>
      <ManufacturerName>לא ידוע</ManufacturerName>
      <ManufactureCountry />
      <ManufacturerItemDescription>סאנט דלפור פטל רימונ</ManufacturerItemDescription>
      <UnitQty>גרמים</UnitQty>
      <Quantity>284.00</Quantity>
      <bIsWeighted>0</bIsWeighted>
      <UnitOfMeasure>100 גרם</UnitOfMeasure>
      <QtyInPackage>1</QtyInPackage>
      <ItemPrice>23.90</ItemPrice>
      <UnitOfMeasurePrice>8.42</UnitOfMeasurePrice>
      <AllowDiscount>1</AllowDiscount>
      <ItemStatus>1</ItemStatus>
    </Item>
    <Item>
      <PriceUpdateDate>2024-11-17 13:15</PriceUpdateDate>
      <ItemCode>8439213</ItemCode>
      <ItemType>1</ItemType>
      <ItemName>פסטרמה הודו פרפר על האש מזרע</ItemName>
      <ManufacturerName>לא ידוע</ManufacturerName>
      <ManufactureCountry>לא ידוע</ManufactureCountry>
      <ManufacturerItemDescription>פסטרמה הודו פרפר על </ManufacturerItemDescription>
      <UnitQty>Unknown</UnitQty>
      <Quantity>0.00</Quantity>
      <bIsWeighted>1</bIsWeighted>
      <UnitOfMeasure>ק"ג</UnitOfMeasure>
      <QtyInPackage>0</QtyInPackage>
      <ItemPrice>103.00</ItemPrice>
      <UnitOfMeasurePrice>103.00</UnitOfMeasurePrice>
      <AllowDiscount>1</AllowDiscount>
      <ItemStatus>1</ItemStatus>
    </Item>
    <Item>
      <PriceUpdateDate>2024-11-17 13:15</PriceUpdateDate>
      <ItemCode>8439428</ItemCode>
      <ItemType>1</ItemType>
      <ItemName>פסטרמה לבנה מעודנת רומנית מזרע</ItemName>
      <ManufacturerName>לא ידוע</ManufacturerName>
      <ManufactureCountry>לא ידוע</ManufactureCountry>
      <ManufacturerItemDescription>פסטרמה לבנה מעודנת  </ManufacturerItemDescription>
      <UnitQty>Unknown</UnitQty>
      <Quantity>0.00</Quantity>
      <bIsWeighted>1</bIsWeighted>
      <UnitOfMeasure>ק"ג</UnitOfMeasure>
      <QtyInPackage>0</QtyInPackage>
      <ItemPrice>155.00</ItemPrice>
      <UnitOfMeasurePrice>155.00</UnitOfMeasurePrice>
      <AllowDiscount>1</AllowDiscount>
      <ItemStatus>1</ItemStatus>
    </Item>
    <Item>
      <PriceUpdateDate>2024-11-17 13:15</PriceUpdateDate>
      <ItemCode>8439510</ItemCode>
      <ItemType>1</ItemType>
      <ItemName>פסטרמה הודו בדבש מזרע</ItemName>
      <ManufacturerName>לא ידוע</ManufacturerName>
      <ManufactureCountry>לא ידוע</ManufactureCountry>
      <ManufacturerItemDescription>פסטרמה הודו בדבש    </ManufacturerItemDescription>
      <UnitQty>Unknown</UnitQty>
      <Quantity>0.00</Quantity>
      <bIsWeighted>1</bIsWeighted>
      <UnitOfMeasure>ק"ג</UnitOfMeasure>
      <QtyInPackage>0</QtyInPackage>
      <ItemPrice>103.00</ItemPrice>
      <UnitOfMeasurePrice>103.00</UnitOfMeasurePrice>
      <AllowDiscount>1</AllowDiscount>
      <ItemStatus>1</ItemStatus>
    </Item>
    <Item>
      <PriceUpdateDate>2024-11-17 13:15</PriceUpdateDate>
      <ItemCode>8439541</ItemCode>
      <ItemType>1</ItemType>
      <ItemName>פסטרמה הודו על האש</ItemName>
      <ManufacturerName>לא ידוע</ManufacturerName>
      <ManufactureCountry>לא ידוע</ManufactureCountry>
      <ManufacturerItemDescription>פסטרמה הודו על האש  </ManufacturerItemDescription>
      <UnitQty>Unknown</UnitQty>
      <Quantity>0.00</Quantity>
      <bIsWeighted>1</bIsWeighted>
      <UnitOfMeasure>ק"ג</UnitOfMeasure>
      <QtyInPackage>0</QtyInPackage>
      <ItemPrice>103.00</ItemPrice>
      <UnitOfMeasurePrice>103.00</UnitOfMeasurePrice>
      <AllowDiscount>1</AllowDiscount>
      <ItemStatus>1</ItemStatus>
    </Item>
    <Item>
      <PriceUpdateDate>2024-11-17 13:15</PriceUpdateDate>
      <ItemCode>8439572</ItemCode>
      <ItemType>1</ItemType>
      <ItemName>פסטרמה הודו פרפר רומני מזרע</ItemName>
      <ManufacturerName>לא ידוע</ManufacturerName>
      <ManufactureCountry>לא ידוע</ManufactureCountry>
      <ManufacturerItemDescription>פסטרמה הודו פרפר    </ManufacturerItemDescription>
      <UnitQty>Unknown</UnitQty>
      <Quantity>0.00</Quantity>
      <bIsWeighted>1</bIsWeighted>
      <UnitOfMeasure>ק"ג</UnitOfMeasure>
      <QtyInPackage>0</QtyInPackage>
      <ItemPrice>103.00</ItemPrice>
      <UnitOfMeasurePrice>103.00</UnitOfMeasurePrice>
      <AllowDiscount>1</AllowDiscount>
      <ItemStatus>1</ItemStatus>
    </Item>
    <Item>
      <PriceUpdateDate>2024-11-17 13:15</PriceUpdateDate>
      <ItemCode>8439756</ItemCode>
      <ItemType>1</ItemType>
      <ItemName>פסטרמה הודו פלפל מזרע</ItemName>
      <ManufacturerName>לא ידוע</ManufacturerName>
      <ManufactureCountry>לא ידוע</ManufactureCountry>
      <ManufacturerItemDescription>פסטרמה הודו פלפל    </ManufacturerItemDescription>
      <UnitQty>Unknown</UnitQty>
      <Quantity>0.00</Quantity>
      <bIsWeighted>1</bIsWeighted>
      <UnitOfMeasure>ק"ג</UnitOfMeasure>
      <QtyInPackage>0</QtyInPackage>
      <ItemPrice>103.00</ItemPrice>
      <UnitOfMeasurePrice>103.00</UnitOfMeasurePrice>
      <AllowDiscount>1</AllowDiscount>
      <ItemStatus>1</ItemStatus>
    </Item>
    <Item>
      <PriceUpdateDate>2024-11-17 13:15</PriceUpdateDate>
      <ItemCode>8439787</ItemCode>
      <ItemType>1</ItemType>
      <ItemName>פסטרמה לבנה רומנית מזרע</ItemName>
      <ManufacturerName>לא ידוע</ManufacturerName>
      <ManufactureCountry>לא ידוע</ManufactureCountry>
      <ManufacturerItemDescription>פסטרמה לבנה רומנית  </ManufacturerItemDescription>
      <UnitQty>Unknown</UnitQty>
      <Quantity>0.00</Quantity>
      <bIsWeighted>1</bIsWeighted>
      <UnitOfMeasure>ק"ג</UnitOfMeasure>
      <QtyInPackage>0</QtyInPackage>
      <ItemPrice>139.00</ItemPrice>
      <UnitOfMeasurePrice>139.00</UnitOfMeasurePrice>
      <AllowDiscount>1</AllowDiscount>
      <ItemStatus>1</ItemStatus>
    </Item>
    <Item>
      <PriceUpdateDate>2025-01-02 08:19</PriceUpdateDate>
      <ItemCode>8441575</ItemCode>
      <ItemType>1</ItemType>
      <ItemName>גבינה קממבר בזלת צאן במשקל</ItemName>
      <ManufacturerName>לא ידוע</ManufacturerName>
      <ManufactureCountry>לא ידוע</ManufactureCountry>
      <ManufacturerItemDescription>גבינה קממבר בזלת צאן</ManufacturerItemDescription>
      <UnitQty>Unknown</UnitQty>
      <Quantity>0.00</Quantity>
      <bIsWeighted>1</bIsWeighted>
      <UnitOfMeasure>ק"ג</UnitOfMeasure>
      <QtyInPackage>0</QtyInPackage>
      <ItemPrice>239.00</ItemPrice>
      <UnitOfMeasurePrice>239.00</UnitOfMeasurePrice>
      <AllowDiscount>1</AllowDiscount>
      <ItemStatus>1</ItemStatus>
    </Item>
    <Item>
      <PriceUpdateDate>2024-11-17 13:15</PriceUpdateDate>
      <ItemCode>8442060</ItemCode>
      <ItemType>1</ItemType>
      <ItemName>נקניק קבנוס מזרע</ItemName>
      <ManufacturerName>לא ידוע</ManufacturerName>
      <ManufactureCountry>לא ידוע</ManufactureCountry>
      <ManufacturerItemDescription>נקניק קבנוס מזרע    </ManufacturerItemDescription>
      <UnitQty>Unknown</UnitQty>
      <Quantity>0.00</Quantity>
      <bIsWeighted>1</bIsWeighted>
      <UnitOfMeasure>ק"ג</UnitOfMeasure>
      <QtyInPackage>0</QtyInPackage>
      <ItemPrice>125.00</ItemPrice>
      <UnitOfMeasurePrice>125.00</UnitOfMeasurePrice>
      <AllowDiscount>1</AllowDiscount>
      <ItemStatus>1</ItemStatus>
    </Item>
    <Item>
      <PriceUpdateDate>2024-11-26 07:49</PriceUpdateDate>
      <ItemCode>8442350</ItemCode>
      <ItemType>1</ItemType>
      <ItemName>גבינה מעושנת SNACKS במשקל</ItemName>
      <ManufacturerName>לא ידוע</ManufacturerName>
      <ManufactureCountry>לא ידוע</ManufactureCountry>
      <ManufacturerItemDescription>SNACKS גבינה אנלוגי </ManufacturerItemDescription>
      <UnitQty>Unknown</UnitQty>
      <Quantity>0.00</Quantity>
      <bIsWeighted>1</bIsWeighted>
      <UnitOfMeasure>ק"ג</UnitOfMeasure>
      <QtyInPackage>0</QtyInPackage>
      <ItemPrice>159.00</ItemPrice>
      <UnitOfMeasurePrice>159.00</UnitOfMeasurePrice>
      <AllowDiscount>1</AllowDiscount>
      <ItemStatus>1</ItemStatus>
    </Item>
    <Item>
      <PriceUpdateDate>2024-11-17 13:15</PriceUpdateDate>
      <ItemCode>8442688</ItemCode>
      <ItemType>1</ItemType>
      <ItemName>נקניק כפרית יבש מזרע</ItemName>
      <ManufacturerName>לא ידוע</ManufacturerName>
      <ManufactureCountry>לא ידוע</ManufactureCountry>
      <ManufacturerItemDescription>נקניק כפרית יבש     </ManufacturerItemDescription>
      <UnitQty>Unknown</UnitQty>
      <Quantity>0.00</Quantity>
      <bIsWeighted>1</bIsWeighted>
      <UnitOfMeasure>ק"ג</UnitOfMeasure>
      <QtyInPackage>0</QtyInPackage>
      <ItemPrice>210.00</ItemPrice>
      <UnitOfMeasurePrice>210.00</UnitOfMeasurePrice>
      <AllowDiscount>1</AllowDiscount>
      <ItemStatus>1</ItemStatus>
    </Item>
    <Item>
      <PriceUpdateDate>2024-11-06 08:17</PriceUpdateDate>
      <ItemCode>8442831</ItemCode>
      <ItemType>1</ItemType>
      <ItemName>שינקין מעודן מעושן דל שומן מזרע</ItemName>
      <ManufacturerName>לא ידוע</ManufacturerName>
      <ManufactureCountry>לא ידוע</ManufactureCountry>
      <ManufacturerItemDescription>שינקין מעודן מעושן  </ManufacturerItemDescription>
      <UnitQty>Unknown</UnitQty>
      <Quantity>0.00</Quantity>
      <bIsWeighted>1</bIsWeighted>
      <UnitOfMeasure>ק"ג</UnitOfMeasure>
      <QtyInPackage>0</QtyInPackage>
      <ItemPrice>150.00</ItemPrice>
      <UnitOfMeasurePrice>150.00</UnitOfMeasurePrice>
      <AllowDiscount>1</AllowDiscount>
      <ItemStatus>1</ItemStatus>
    </Item>
    <Item>
      <PriceUpdateDate>2025-09-26 09:29</PriceUpdateDate>
      <ItemCode>8445290452566</ItemCode>
      <ItemType>1</ItemType>
      <ItemName>סטארבקס קפסולות בטעם טופי אגוזים 51 גרם</ItemName>
      <ManufacturerName>לא ידוע</ManufacturerName>
      <ManufactureCountry>CH</ManufactureCountry>
      <ManufacturerItemDescription>סטארבקס קפסולות בטעם</ManufacturerItemDescription>
      <UnitQty>גרמים</UnitQty>
      <Quantity>51.00</Quantity>
      <bIsWeighted>0</bIsWeighted>
      <UnitOfMeasure>100 גרם</UnitOfMeasure>
      <QtyInPackage>1</QtyInPackage>
      <ItemPrice>24.90</ItemPrice>
      <UnitOfMeasurePrice>48.82</UnitOfMeasurePrice>
      <AllowDiscount>1</AllowDiscount>
      <ItemStatus>1</ItemStatus>
    </Item>
    <Item>
      <PriceUpdateDate>2025-03-11 15:20</PriceUpdateDate>
      <ItemCode>8445290964595</ItemCode>
      <ItemType>1</ItemType>
      <ItemName>דגני בוקר קיט קט 330 גרם</ItemName>
      <ManufacturerName>לא ידוע</ManufacturerName>
      <ManufactureCountry>ישראל</ManufactureCountry>
      <ManufacturerItemDescription>דגני בוקר קיט קט 330</ManufacturerItemDescription>
      <UnitQty>גרמים</UnitQty>
      <Quantity>330.00</Quantity>
      <bIsWeighted>0</bIsWeighted>
      <UnitOfMeasure>100 גרם</UnitOfMeasure>
      <QtyInPackage>1</QtyInPackage>
      <ItemPrice>29.90</ItemPrice>
      <UnitOfMeasurePrice>9.06</UnitOfMeasurePrice>
      <AllowDiscount>1</AllowDiscount>
      <ItemStatus>1</ItemStatus>
    </Item>
    <Item>
      <PriceUpdateDate>2025-03-11 15:20</PriceUpdateDate>
      <ItemCode>8445291298729</ItemCode>
      <ItemType>1</ItemType>
      <ItemName>טומי מיונז אמיתי 170 גרם</ItemName>
      <ManufacturerName>לא ידוע</ManufacturerName>
      <ManufactureCountry />
      <ManufacturerItemDescription>טומי מיונז אמיתי 170</ManufacturerItemDescription>
      <UnitQty>גרמים</UnitQty>
      <Quantity>170.00</Quantity>
      <bIsWeighted>0</bIsWeighted>
      <UnitOfMeasure>100 גרם</UnitOfMeasure>
      <QtyInPackage>1</QtyInPackage>
      <ItemPrice>17.90</ItemPrice>
      <UnitOfMeasurePrice>10.53</UnitOfMeasurePrice>
      <AllowDiscount>1</AllowDiscount>
      <ItemStatus>1</ItemStatus>
    </Item>
    <Item>
      <PriceUpdateDate>2025-08-13 14:50</PriceUpdateDate>
      <ItemCode>8445291301948</ItemCode>
      <ItemType>1</ItemType>
      <ItemName>מולטי ציריוס 500 גרם</ItemName>
      <ManufacturerName>לא ידוע</ManufacturerName>
      <ManufactureCountry>ישראל</ManufactureCountry>
      <ManufacturerItemDescription>מולטי ציריוס 500 גרם</ManufacturerItemDescription>
      <UnitQty>גרמים</UnitQty>
      <Quantity>500.00</Quantity>
      <bIsWeighted>0</bIsWeighted>
      <UnitOfMeasure>100 גרם</UnitOfMeasure>
      <QtyInPackage>1</QtyInPackage>
      <ItemPrice>29.90</ItemPrice>
      <UnitOfMeasurePrice>5.98</UnitOfMeasurePrice>
      <AllowDiscount>1</AllowDiscount>
      <ItemStatus>1</ItemStatus>
    </Item>
    <Item>
      <PriceUpdateDate>2025-01-10 23:00</PriceUpdateDate>
      <ItemCode>8445291451728</ItemCode>
      <ItemType>1</ItemType>
      <ItemName>סטארבקס קפסולות ריסטרטו שוט  57 גרם</ItemName>
      <ManufacturerName>לא ידוע</ManufacturerName>
      <ManufactureCountry>שוויץ</ManufactureCountry>
      <ManufacturerItemDescription>סטארבקס קפסולות ריסט</ManufacturerItemDescription>
      <UnitQty>גרמים</UnitQty>
      <Quantity>57.00</Quantity>
      <bIsWeighted>0</bIsWeighted>
      <UnitOfMeasure>100 גרם</UnitOfMeasure>
      <QtyInPackage>1</QtyInPackage>
      <ItemPrice>24.90</ItemPrice>
      <UnitOfMeasurePrice>43.68</UnitOfMeasurePrice>
      <AllowDiscount>1</AllowDiscount>
      <ItemStatus>1</ItemStatus>
    </Item>
    <Item>
      <PriceUpdateDate>2025-08-13 14:51</PriceUpdateDate>
      <ItemCode>8445291638839</ItemCode>
      <ItemType>1</ItemType>
      <ItemName>צריוס האני נאט פרווה 500 גרם</ItemName>
      <ManufacturerName>לא ידוע</ManufacturerName>
      <ManufactureCountry>ישראל</ManufactureCountry>
      <ManufacturerItemDescription>צריוס האני נאט פרווה</ManufacturerItemDescription>
      <UnitQty>גרמים</UnitQty>
      <Quantity>500.00</Quantity>
      <bIsWeighted>0</bIsWeighted>
      <UnitOfMeasure>100 גרם</UnitOfMeasure>
      <QtyInPackage>1</QtyInPackage>
      <ItemPrice>29.90</ItemPrice>
      <UnitOfMeasurePrice>5.98</UnitOfMeasurePrice>
      <AllowDiscount>1</AllowDiscount>
      <ItemStatus>1</ItemStatus>
    </Item>
    <Item>
      <PriceUpdateDate>2025-06-17 15:57</PriceUpdateDate>
      <ItemCode>8445291872042</ItemCode>
      <ItemType>1</ItemType>
      <ItemName>טומי צנצנת מיונז 310 גרם</ItemName>
      <ManufacturerName>לא ידוע</ManufacturerName>
      <ManufactureCountry>סרביה</ManufactureCountry>
      <ManufacturerItemDescription>טומי צנצנת מיונז 310</ManufacturerItemDescription>
      <UnitQty>גרמים</UnitQty>
      <Quantity>310.00</Quantity>
      <bIsWeighted>0</bIsWeighted>
      <UnitOfMeasure>100 גרם</UnitOfMeasure>
      <QtyInPackage>1</QtyInPackage>
      <ItemPrice>18.90</ItemPrice>
      <UnitOfMeasurePrice>6.10</UnitOfMeasurePrice>
      <AllowDiscount>1</AllowDiscount>
      <ItemStatus>1</ItemStatus>
    </Item>
    <Item>
      <PriceUpdateDate>2024-03-04 12:21</PriceUpdateDate>
      <ItemCode>8447029000024</ItemCode>
      <ItemType>1</ItemType>
      <ItemName>אוכמניות טריות יחידה</ItemName>
      <ManufacturerName>לא ידוע</ManufacturerName>
      <ManufactureCountry>לא ידוע</ManufactureCountry>
      <ManufacturerItemDescription>אוכמניות טריות יחידה</ManufacturerItemDescription>
      <UnitQty>Unknown</UnitQty>
      <Quantity>0.00</Quantity>
      <bIsWeighted>0</bIsWeighted>
      <UnitOfMeasure>Unknown</UnitOfMeasure>
      <QtyInPackage>1</QtyInPackage>
      <ItemPrice>19.90</ItemPrice>
      <UnitOfMeasurePrice>19.90</UnitOfMeasurePrice>
      <AllowDiscount>1</AllowDiscount>
      <ItemStatus>1</ItemStatus>
    </Item>
    <Item>
      <PriceUpdateDate>2024-12-01 09:23</PriceUpdateDate>
      <ItemCode>8498203</ItemCode>
      <ItemType>1</ItemType>
      <ItemName>מונצגו</ItemName>
      <ManufacturerName>לא ידוע</ManufacturerName>
      <ManufactureCountry>לא ידוע</ManufactureCountry>
      <ManufacturerItemDescription>מנצגו               </ManufacturerItemDescription>
      <UnitQty>Unknown</UnitQty>
      <Quantity>0.00</Quantity>
      <bIsWeighted>1</bIsWeighted>
      <UnitOfMeasure>ק"ג</UnitOfMeasure>
      <QtyInPackage>0</QtyInPackage>
      <ItemPrice>197.00</ItemPrice>
      <UnitOfMeasurePrice>197.00</UnitOfMeasurePrice>
      <AllowDiscount>1</AllowDiscount>
      <ItemStatus>1</ItemStatus>
    </Item>
    <Item>
      <PriceUpdateDate>2024-12-01 09:23</PriceUpdateDate>
      <ItemCode>8498210</ItemCode>
      <ItemType>1</ItemType>
      <ItemName>גבינת כבשים עם פטריות כמהין במשקל</ItemName>
      <ManufacturerName>לא ידוע</ManufacturerName>
      <ManufactureCountry>לא ידוע</ManufactureCountry>
      <ManufacturerItemDescription>גבינת כבשים עם פטריו</ManufacturerItemDescription>
      <UnitQty>Unknown</UnitQty>
      <Quantity>0.00</Quantity>
      <bIsWeighted>1</bIsWeighted>
      <UnitOfMeasure>ק"ג</UnitOfMeasure>
      <QtyInPackage>0</QtyInPackage>
      <ItemPrice>355.00</ItemPrice>
      <UnitOfMeasurePrice>355.00</UnitOfMeasurePrice>
      <AllowDiscount>1</AllowDiscount>
      <ItemStatus>1</ItemStatus>
    </Item>
    <Item>
      <PriceUpdateDate>2024-11-25 13:41</PriceUpdateDate>
      <ItemCode>8498449</ItemCode>
      <ItemType>1</ItemType>
      <ItemName>גבינת קומטה 16 חודש</ItemName>
      <ManufacturerName>לא ידוע</ManufacturerName>
      <ManufactureCountry>לא ידוע</ManufactureCountry>
      <ManufacturerItemDescription>גבינת קומטה 16 חודש </ManufacturerItemDescription>
      <UnitQty>Unknown</UnitQty>
      <Quantity>0.00</Quantity>
      <bIsWeighted>1</bIsWeighted>
      <UnitOfMeasure>ק"ג</UnitOfMeasure>
      <QtyInPackage>0</QtyInPackage>
      <ItemPrice>295.00</ItemPrice>
      <UnitOfMeasurePrice>295.00</UnitOfMeasurePrice>
      <AllowDiscount>1</AllowDiscount>
      <ItemStatus>1</ItemStatus>
    </Item>
    <Item>
      <PriceUpdateDate>2024-12-01 09:23</PriceUpdateDate>
      <ItemCode>8498531</ItemCode>
      <ItemType>1</ItemType>
      <ItemName>גבינת עיזים כמהין במשקל</ItemName>
      <ManufacturerName>לא ידוע</ManufacturerName>
      <ManufactureCountry>לא ידוע</ManufactureCountry>
      <ManufacturerItemDescription>גבינת עיזים כמהין במ</ManufacturerItemDescription>
      <UnitQty>Unknown</UnitQty>
      <Quantity>0.00</Quantity>
      <bIsWeighted>1</bIsWeighted>
      <UnitOfMeasure>ק"ג</UnitOfMeasure>
      <QtyInPackage>0</QtyInPackage>
      <ItemPrice>305.00</ItemPrice>
      <UnitOfMeasurePrice>305.00</UnitOfMeasurePrice>
      <AllowDiscount>1</AllowDiscount>
      <ItemStatus>1</ItemStatus>
    </Item>
    <Item>
      <PriceUpdateDate>2024-11-18 15:51</PriceUpdateDate>
      <ItemCode>8498685</ItemCode>
      <ItemType>1</ItemType>
      <ItemName>גבינת גרוייר מיושנת במשקל</ItemName>
      <ManufacturerName>לא ידוע</ManufacturerName>
      <ManufactureCountry>שוויץ</ManufactureCountry>
      <ManufacturerItemDescription>גבינת גרוייר מיושנת </ManufacturerItemDescription>
      <UnitQty>Unknown</UnitQty>
      <Quantity>0.00</Quantity>
      <bIsWeighted>1</bIsWeighted>
      <UnitOfMeasure>ק"ג</UnitOfMeasure>
      <QtyInPackage>0</QtyInPackage>
      <ItemPrice>290.00</ItemPrice>
      <UnitOfMeasurePrice>290.00</UnitOfMeasurePrice>
      <AllowDiscount>1</AllowDiscount>
      <ItemStatus>1</ItemStatus>
    </Item>
    <Item>
      <PriceUpdateDate>2024-12-02 15:20</PriceUpdateDate>
      <ItemCode>8498746</ItemCode>
      <ItemType>1</ItemType>
      <ItemName>ברי צרפתי במשקל</ItemName>
      <ManufacturerName>לא ידוע</ManufacturerName>
      <ManufactureCountry>לא ידוע</ManufactureCountry>
      <ManufacturerItemDescription>ברי צרפתי במשקל     </ManufacturerItemDescription>
      <UnitQty>Unknown</UnitQty>
      <Quantity>0.00</Quantity>
      <bIsWeighted>1</bIsWeighted>
      <UnitOfMeasure>ק"ג</UnitOfMeasure>
      <QtyInPackage>0</QtyInPackage>
      <ItemPrice>165.00</ItemPrice>
      <UnitOfMeasurePrice>165.00</UnitOfMeasurePrice>
      <AllowDiscount>1</AllowDiscount>
      <ItemStatus>1</ItemStatus>
    </Item>
    <Item>
      <PriceUpdateDate>2024-12-02 15:20</PriceUpdateDate>
      <ItemCode>8498753</ItemCode>
      <ItemType>1</ItemType>
      <ItemName>גבינת בושה עיזים במשקל</ItemName>
      <ManufacturerName>לא ידוע</ManufacturerName>
      <ManufactureCountry>לא ידוע</ManufactureCountry>
      <ManufacturerItemDescription>גבינת בושה עיזים במש</ManufacturerItemDescription>
      <UnitQty>Unknown</UnitQty>
      <Quantity>0.00</Quantity>
      <bIsWeighted>1</bIsWeighted>
      <UnitOfMeasure>ק"ג</UnitOfMeasure>
      <QtyInPackage>0</QtyInPackage>
      <ItemPrice>218.00</ItemPrice>
      <UnitOfMeasurePrice>218.00</UnitOfMeasurePrice>
      <AllowDiscount>1</AllowDiscount>
      <ItemStatus>1</ItemStatus>
    </Item>
    <Item>
      <PriceUpdateDate>2024-12-01 09:23</PriceUpdateDate>
      <ItemCode>8498838</ItemCode>
      <ItemType>1</ItemType>
      <ItemName>גאודה עיזים מיושנת במשקל</ItemName>
      <ManufacturerName>לא ידוע</ManufacturerName>
      <ManufactureCountry>לא ידוע</ManufactureCountry>
      <ManufacturerItemDescription>גאודה עיזים מיושנת ב</ManufacturerItemDescription>
      <UnitQty>Unknown</UnitQty>
      <Quantity>0.00</Quantity>
      <bIsWeighted>1</bIsWeighted>
      <UnitOfMeasure>ק"ג</UnitOfMeasure>
      <QtyInPackage>0</QtyInPackage>
      <ItemPrice>230.00</ItemPrice>
      <UnitOfMeasurePrice>230.00</UnitOfMeasurePrice>
      <AllowDiscount>1</AllowDiscount>
      <ItemStatus>1</ItemStatus>
    </Item>
    <Item>
      <PriceUpdateDate>2024-01-01 09:24</PriceUpdateDate>
      <ItemCode>8498982</ItemCode>
      <ItemType>1</ItemType>
      <ItemName>גבינת פרימדונה שקיל</ItemName>
      <ManufacturerName>לא ידוע</ManufacturerName>
      <ManufactureCountry>לא ידוע</ManufactureCountry>
      <ManufacturerItemDescription>גבינת פרימדונה שקיל </ManufacturerItemDescription>
      <UnitQty>Unknown</UnitQty>
      <Quantity>0.00</Quantity>
      <bIsWeighted>1</bIsWeighted>
      <UnitOfMeasure>ק"ג</UnitOfMeasure>
      <QtyInPackage>0</QtyInPackage>
      <ItemPrice>155.00</ItemPrice>
      <UnitOfMeasurePrice>155.00</UnitOfMeasurePrice>
      <AllowDiscount>1</AllowDiscount>
      <ItemStatus>1</ItemStatus>
    </Item>
    <Item>
      <PriceUpdateDate>2025-10-28 23:00</PriceUpdateDate>
      <ItemCode>850049363624</ItemCode>
      <ItemType>1</ItemType>
      <ItemName>טופזלס שברי פרצל בטעם שום פרמזן 100 גרם</ItemName>
      <ManufacturerName>לא ידוע</ManufacturerName>
      <ManufactureCountry />
      <ManufacturerItemDescription>טופזלס שברי פרצל בטע</ManufacturerItemDescription>
      <UnitQty>גרמים</UnitQty>
      <Quantity>100.00</Quantity>
      <bIsWeighted>0</bIsWeighted>
      <UnitOfMeasure>100 גרם</UnitOfMeasure>
      <QtyInPackage>1</QtyInPackage>
      <ItemPrice>22.90</ItemPrice>
      <UnitOfMeasurePrice>22.90</UnitOfMeasurePrice>
      <AllowDiscount>1</AllowDiscount>
      <ItemStatus>1</ItemStatus>
    </Item>
    <Item>
      <PriceUpdateDate>2022-05-27 10:28</PriceUpdateDate>
      <ItemCode>856591000062</ItemCode>
      <ItemType>1</ItemType>
      <ItemName>עבאדי עוגיות מזרחיות מלח 400 גרם</ItemName>
      <ManufacturerName>לא ידוע</ManufacturerName>
      <ManufactureCountry>לא ידוע</ManufactureCountry>
      <ManufacturerItemDescription>עבאדי עוגיות מזרחיות</ManufacturerItemDescription>
      <UnitQty>גרמים</UnitQty>
      <Quantity>400.00</Quantity>
      <bIsWeighted>0</bIsWeighted>
      <UnitOfMeasure>100 גרם</UnitOfMeasure>
      <QtyInPackage>1</QtyInPackage>
      <ItemPrice>21.90</ItemPrice>
      <UnitOfMeasurePrice>5.48</UnitOfMeasurePrice>
      <AllowDiscount>1</AllowDiscount>
      <ItemStatus>1</ItemStatus>
    </Item>
    <Item>
      <PriceUpdateDate>2022-05-27 10:25</PriceUpdateDate>
      <ItemCode>856591000109</ItemCode>
      <ItemType>1</ItemType>
      <ItemName>עבאדי עוגיות מזרחיות פריך במיוחד 400 גרם</ItemName>
      <ManufacturerName>לא ידוע</ManufacturerName>
      <ManufactureCountry>לא ידוע</ManufactureCountry>
      <ManufacturerItemDescription>עבאדי עוגיות מזרחיות</ManufacturerItemDescription>
      <UnitQty>גרמים</UnitQty>
      <Quantity>400.00</Quantity>
      <bIsWeighted>0</bIsWeighted>
      <UnitOfMeasure>100 גרם</UnitOfMeasure>
      <QtyInPackage>1</QtyInPackage>
      <ItemPrice>21.90</ItemPrice>
      <UnitOfMeasurePrice>5.48</UnitOfMeasurePrice>
      <AllowDiscount>1</AllowDiscount>
      <ItemStatus>1</ItemStatus>
    </Item>
    <Item>
      <PriceUpdateDate>2025-04-05 23:00</PriceUpdateDate>
      <ItemCode>857900005402</ItemCode>
      <ItemType>1</ItemType>
      <ItemName>מיני פריכיות אורז וניל וסוכריות 113 גרם</ItemName>
      <ManufacturerName>לא ידוע</ManufacturerName>
      <ManufactureCountry>ארצות הברית</ManufactureCountry>
      <ManufacturerItemDescription>מיני פריכיות אורז ונ</ManufacturerItemDescription>
      <UnitQty>גרמים</UnitQty>
      <Quantity>113.00</Quantity>
      <bIsWeighted>0</bIsWeighted>
      <UnitOfMeasure>100 גרם</UnitOfMeasure>
      <QtyInPackage>1</QtyInPackage>
      <ItemPrice>23.90</ItemPrice>
      <UnitOfMeasurePrice>21.15</UnitOfMeasurePrice>
      <AllowDiscount>1</AllowDiscount>
      <ItemStatus>1</ItemStatus>
    </Item>
    <Item>
      <PriceUpdateDate>2025-04-05 23:00</PriceUpdateDate>
      <ItemCode>857900005853</ItemCode>
      <ItemType>1</ItemType>
      <ItemName>מיני פריכיות אורז שוקולד ווניל 113 גרם</ItemName>
      <ManufacturerName>לא ידוע</ManufacturerName>
      <ManufactureCountry>ארצות הברית</ManufactureCountry>
      <ManufacturerItemDescription>מיני פריכיות אורז שו</ManufacturerItemDescription>
      <UnitQty>גרמים</UnitQty>
      <Quantity>113.00</Quantity>
      <bIsWeighted>0</bIsWeighted>
      <UnitOfMeasure>100 גרם</UnitOfMeasure>
      <QtyInPackage>1</QtyInPackage>
      <ItemPrice>23.90</ItemPrice>
      <UnitOfMeasurePrice>21.15</UnitOfMeasurePrice>
      <AllowDiscount>1</AllowDiscount>
      <ItemStatus>1</ItemStatus>
    </Item>
    <Item>
      <PriceUpdateDate>2025-05-23 08:04</PriceUpdateDate>
      <ItemCode>8593868000050</ItemCode>
      <ItemType>1</ItemType>
      <ItemName>בירה סטארופרמן לאגר פח 5% 500 מ"ל</ItemName>
      <ManufacturerName>לא ידוע</ManufacturerName>
      <ManufactureCountry>צכיה</ManufactureCountry>
      <ManufacturerItemDescription>בירה סטארופרמן פחית </ManufacturerItemDescription>
      <UnitQty>מיליליטרים</UnitQty>
      <Quantity>500.00</Quantity>
      <bIsWeighted>0</bIsWeighted>
      <UnitOfMeasure>100 מ"ל</UnitOfMeasure>
      <QtyInPackage>1</QtyInPackage>
      <ItemPrice>11.90</ItemPrice>
      <UnitOfMeasurePrice>2.38</UnitOfMeasurePrice>
      <AllowDiscount>1</AllowDiscount>
      <ItemStatus>1</ItemStatus>
    </Item>
    <Item>
      <PriceUpdateDate>2024-04-20 09:08</PriceUpdateDate>
      <ItemCode>8593868006014</ItemCode>
      <ItemType>1</ItemType>
      <ItemName>בירה בלומון פחית 500מל</ItemName>
      <ManufacturerName>לא ידוע</ManufacturerName>
      <ManufactureCountry />
      <ManufacturerItemDescription>בירה בלומון פחית 500</ManufacturerItemDescription>
      <UnitQty>מיליליטרים</UnitQty>
      <Quantity>500.00</Quantity>
      <bIsWeighted>0</bIsWeighted>
      <UnitOfMeasure>100 מ"ל</UnitOfMeasure>
      <QtyInPackage>1</QtyInPackage>
      <ItemPrice>15.90</ItemPrice>
      <UnitOfMeasurePrice>3.18</UnitOfMeasurePrice>
      <AllowDiscount>1</AllowDiscount>
      <ItemStatus>1</ItemStatus>
    </Item>
    <Item>
      <PriceUpdateDate>2021-01-20 21:12</PriceUpdateDate>
      <ItemCode>85939868</ItemCode>
      <ItemType>1</ItemType>
      <ItemName>נייר קצר ללא פילטר PIH</ItemName>
      <ManufacturerName>לא ידוע</ManufacturerName>
      <ManufactureCountry>לא ידוע</ManufactureCountry>
      <ManufacturerItemDescription>נייר קצר ללא פילטר P</ManufacturerItemDescription>
      <UnitQty>יחידה</UnitQty>
      <Quantity>1.00</Quantity>
      <bIsWeighted>0</bIsWeighted>
      <UnitOfMeasure>יחידה</UnitOfMeasure>
      <QtyInPackage>1</QtyInPackage>
      <ItemPrice>3.00</ItemPrice>
      <UnitOfMeasurePrice>3.00</UnitOfMeasurePrice>
      <AllowDiscount>1</AllowDiscount>
      <ItemStatus>1</ItemStatus>
    </Item>
    <Item>
      <PriceUpdateDate>2021-01-20 21:12</PriceUpdateDate>
      <ItemCode>8595134503302</ItemCode>
      <ItemType>1</ItemType>
      <ItemName>פילטר ארוך 6 ממ</ItemName>
      <ManufacturerName>לא ידוע</ManufacturerName>
      <ManufactureCountry>לא ידוע</ManufactureCountry>
      <ManufacturerItemDescription>פילטר ארוך 6 ממ     </ManufacturerItemDescription>
      <UnitQty>Unknown</UnitQty>
      <Quantity>0.00</Quantity>
      <bIsWeighted>0</bIsWeighted>
      <UnitOfMeasure>Unknown</UnitOfMeasure>
      <QtyInPackage>1</QtyInPackage>
      <ItemPrice>5.00</ItemPrice>
      <UnitOfMeasurePrice>5.00</UnitOfMeasurePrice>
      <AllowDiscount>1</AllowDiscount>
      <ItemStatus>1</ItemStatus>
    </Item>
    <Item>
      <PriceUpdateDate>2021-01-20 21:12</PriceUpdateDate>
      <ItemCode>8595134503487</ItemCode>
      <ItemType>1</ItemType>
      <ItemName>פילטרים לגילגול 5.3 ארוך PIH</ItemName>
      <ManufacturerName>לא ידוע</ManufacturerName>
      <ManufactureCountry>לא ידוע</ManufactureCountry>
      <ManufacturerItemDescription>פילטרים לגילגול 5.3 </ManufacturerItemDescription>
      <UnitQty>יחידה</UnitQty>
      <Quantity>1.00</Quantity>
      <bIsWeighted>0</bIsWeighted>
      <UnitOfMeasure>יחידה</UnitOfMeasure>
      <QtyInPackage>1</QtyInPackage>
      <ItemPrice>4.00</ItemPrice>
      <UnitOfMeasurePrice>4.00</UnitOfMeasurePrice>
      <AllowDiscount>1</AllowDiscount>
      <ItemStatus>1</ItemStatus>
    </Item>
    <Item>
      <PriceUpdateDate>2025-03-20 12:19</PriceUpdateDate>
      <ItemCode>859547004084</ItemCode>
      <ItemType>1</ItemType>
      <ItemName>ספוג ניקוי  SCRUB DADDY LEMON</ItemName>
      <ManufacturerName>לא ידוע</ManufacturerName>
      <ManufactureCountry />
      <ManufacturerItemDescription>ספוג ניקוי  SCRUB DA</ManufacturerItemDescription>
      <UnitQty>יחידה</UnitQty>
      <Quantity>1.00</Quantity>
      <bIsWeighted>0</bIsWeighted>
      <UnitOfMeasure>יחידה</UnitOfMeasure>
      <QtyInPackage>1</QtyInPackage>
      <ItemPrice>23.90</ItemPrice>
      <UnitOfMeasurePrice>23.90</UnitOfMeasurePrice>
      <AllowDiscount>1</AllowDiscount>
      <ItemStatus>1</ItemStatus>
    </Item>
    <Item>
      <PriceUpdateDate>2025-07-16 23:00</PriceUpdateDate>
      <ItemCode>8595657302734</ItemCode>
      <ItemType>1</ItemType>
      <ItemName>פיין קט פאוץ בקר לחתול 100 גרם</ItemName>
      <ManufacturerName>ראפא דוג</ManufacturerName>
      <ManufactureCountry />
      <ManufacturerItemDescription>פיין קט פאוץ בקר לחת</ManufacturerItemDescription>
      <UnitQty>גרמים</UnitQty>
      <Quantity>100.00</Quantity>
      <bIsWeighted>0</bIsWeighted>
      <UnitOfMeasure>100 גרם</UnitOfMeasure>
      <QtyInPackage>1</QtyInPackage>
      <ItemPrice>4.90</ItemPrice>
      <UnitOfMeasurePrice>4.90</UnitOfMeasurePrice>
      <AllowDiscount>1</AllowDiscount>
      <ItemStatus>1</ItemStatus>
    </Item>
    <Item>
      <PriceUpdateDate>2024-10-27 13:33</PriceUpdateDate>
      <ItemCode>8595657302796</ItemCode>
      <ItemType>1</ItemType>
      <ItemName>פיין דוג פאוץ עוף לל</ItemName>
      <ManufacturerName>לא ידוע</ManufacturerName>
      <ManufactureCountry>לא ידוע</ManufactureCountry>
      <ManufacturerItemDescription>פיין דוג פאוץ עוף לל</ManufacturerItemDescription>
      <UnitQty>Unknown</UnitQty>
      <Quantity>1.00</Quantity>
      <bIsWeighted>0</bIsWeighted>
      <UnitOfMeasure>Unknown</UnitOfMeasure>
      <QtyInPackage>1</QtyInPackage>
      <ItemPrice>4.90</ItemPrice>
      <UnitOfMeasurePrice>4.90</UnitOfMeasurePrice>
      <AllowDiscount>1</AllowDiscount>
      <ItemStatus>1</ItemStatus>
    </Item>
    <Item>
      <PriceUpdateDate>2024-10-27 13:33</PriceUpdateDate>
      <ItemCode>8595657302802</ItemCode>
      <ItemType>1</ItemType>
      <ItemName>פיין דוג פאוץ עוף לג</ItemName>
      <ManufacturerName>לא ידוע</ManufacturerName>
      <ManufactureCountry>לא ידוע</ManufactureCountry>
      <ManufacturerItemDescription>פיין דוג פאוץ עוף לג</ManufacturerItemDescription>
      <UnitQty>Unknown</UnitQty>
      <Quantity>1.00</Quantity>
      <bIsWeighted>0</bIsWeighted>
      <UnitOfMeasure>Unknown</UnitOfMeasure>
      <QtyInPackage>1</QtyInPackage>
      <ItemPrice>4.90</ItemPrice>
      <UnitOfMeasurePrice>4.90</UnitOfMeasurePrice>
      <AllowDiscount>1</AllowDiscount>
      <ItemStatus>1</ItemStatus>
    </Item>
    <Item>
      <PriceUpdateDate>2024-10-27 13:33</PriceUpdateDate>
      <ItemCode>8595657305575</ItemCode>
      <ItemType>1</ItemType>
      <ItemName>פיין קט 415 גרם בטעם</ItemName>
      <ManufacturerName>לא ידוע</ManufacturerName>
      <ManufactureCountry>לא ידוע</ManufactureCountry>
      <ManufacturerItemDescription>פיין קט 415 גרם בטעם</ManufacturerItemDescription>
      <UnitQty>Unknown</UnitQty>
      <Quantity>1.00</Quantity>
      <bIsWeighted>0</bIsWeighted>
      <UnitOfMeasure>Unknown</UnitOfMeasure>
      <QtyInPackage>1</QtyInPackage>
      <ItemPrice>4.90</ItemPrice>
      <UnitOfMeasurePrice>4.90</UnitOfMeasurePrice>
      <AllowDiscount>1</AllowDiscount>
      <ItemStatus>1</ItemStatus>
    </Item>
    <Item>
      <PriceUpdateDate>2024-10-27 13:33</PriceUpdateDate>
      <ItemCode>8595657305582</ItemCode>
      <ItemType>1</ItemType>
      <ItemName>פיין קט 415 גרם בטעם</ItemName>
      <ManufacturerName>לא ידוע</ManufacturerName>
      <ManufactureCountry>לא ידוע</ManufactureCountry>
      <ManufacturerItemDescription>פיין קט 415 גרם בטעם</ManufacturerItemDescription>
      <UnitQty>Unknown</UnitQty>
      <Quantity>1.00</Quantity>
      <bIsWeighted>0</bIsWeighted>
      <UnitOfMeasure>Unknown</UnitOfMeasure>
      <QtyInPackage>1</QtyInPackage>
      <ItemPrice>4.90</ItemPrice>
      <UnitOfMeasurePrice>4.90</UnitOfMeasurePrice>
      <AllowDiscount>1</AllowDiscount>
      <ItemStatus>1</ItemStatus>
    </Item>
    <Item>
      <PriceUpdateDate>2024-12-15 23:00</PriceUpdateDate>
      <ItemCode>8595657305872</ItemCode>
      <ItemType>1</ItemType>
      <ItemName>א.ש. חטיף לבבות עוף </ItemName>
      <ManufacturerName>לא ידוע</ManufacturerName>
      <ManufactureCountry>לא ידוע</ManufactureCountry>
      <ManufacturerItemDescription>א.ש. חטיף לבבות עוף </ManufacturerItemDescription>
      <UnitQty>Unknown</UnitQty>
      <Quantity>1.00</Quantity>
      <bIsWeighted>0</bIsWeighted>
      <UnitOfMeasure>Unknown</UnitOfMeasure>
      <QtyInPackage>1</QtyInPackage>
      <ItemPrice>29.90</ItemPrice>
      <UnitOfMeasurePrice>29.90</UnitOfMeasurePrice>
      <AllowDiscount>1</AllowDiscount>
      <ItemStatus>1</ItemStatus>
    </Item>
    <Item>
      <PriceUpdateDate>2024-10-27 13:33</PriceUpdateDate>
      <ItemCode>8595657306329</ItemCode>
      <ItemType>1</ItemType>
      <ItemName>פיין קט 1 קג בקר    </ItemName>
      <ManufacturerName>לא ידוע</ManufacturerName>
      <ManufactureCountry>לא ידוע</ManufactureCountry>
      <ManufacturerItemDescription>פיין קט 1 קג בקר    </ManufacturerItemDescription>
      <UnitQty>Unknown</UnitQty>
      <Quantity>1.00</Quantity>
      <bIsWeighted>0</bIsWeighted>
      <UnitOfMeasure>Unknown</UnitOfMeasure>
      <QtyInPackage>1</QtyInPackage>
      <ItemPrice>19.90</ItemPrice>
      <UnitOfMeasurePrice>19.90</UnitOfMeasurePrice>
      <AllowDiscount>1</AllowDiscount>
      <ItemStatus>1</ItemStatus>
    </Item>
    <Item>
      <PriceUpdateDate>2024-10-27 13:33</PriceUpdateDate>
      <ItemCode>8595657306343</ItemCode>
      <ItemType>1</ItemType>
      <ItemName>פיין קט 1 קג דגים   </ItemName>
      <ManufacturerName>לא ידוע</ManufacturerName>
      <ManufactureCountry>לא ידוע</ManufactureCountry>
      <ManufacturerItemDescription>פיין קט 1 קג דגים   </ManufacturerItemDescription>
      <UnitQty>Unknown</UnitQty>
      <Quantity>1.00</Quantity>
      <bIsWeighted>0</bIsWeighted>
      <UnitOfMeasure>Unknown</UnitOfMeasure>
      <QtyInPackage>1</QtyInPackage>
      <ItemPrice>19.90</ItemPrice>
      <UnitOfMeasurePrice>19.90</UnitOfMeasurePrice>
      <AllowDiscount>1</AllowDiscount>
      <ItemStatus>1</ItemStatus>
    </Item>
    <Item>
      <PriceUpdateDate>2021-01-20 21:12</PriceUpdateDate>
      <ItemCode>85966611</ItemCode>
      <ItemType>1</ItemType>
      <ItemName>נייר גלגול גדול  כולל פילטר PIH</ItemName>
      <ManufacturerName>לא ידוע</ManufacturerName>
      <ManufactureCountry>לא ידוע</ManufactureCountry>
      <ManufacturerItemDescription>נייר גלגול גדול  כול</ManufacturerItemDescription>
      <UnitQty>יחידה</UnitQty>
      <Quantity>1.00</Quantity>
      <bIsWeighted>0</bIsWeighted>
      <UnitOfMeasure>יחידה</UnitOfMeasure>
      <QtyInPackage>1</QtyInPackage>
      <ItemPrice>6.50</ItemPrice>
      <UnitOfMeasurePrice>6.50</UnitOfMeasurePrice>
      <AllowDiscount>1</AllowDiscount>
      <ItemStatus>1</ItemStatus>
    </Item>
    <Item>
      <PriceUpdateDate>2021-01-20 21:12</PriceUpdateDate>
      <ItemCode>85967069</ItemCode>
      <ItemType>1</ItemType>
      <ItemName>נייר גלגול גדול כולל פילטר חום</ItemName>
      <ManufacturerName>לא ידוע</ManufacturerName>
      <ManufactureCountry>צכיה</ManufactureCountry>
      <ManufacturerItemDescription>נייר גלגול גדול כולל</ManufacturerItemDescription>
      <UnitQty>יחידה</UnitQty>
      <Quantity>1.00</Quantity>
      <bIsWeighted>0</bIsWeighted>
      <UnitOfMeasure>יחידה</UnitOfMeasure>
      <QtyInPackage>1</QtyInPackage>
      <ItemPrice>6.00</ItemPrice>
      <UnitOfMeasurePrice>6.00</UnitOfMeasurePrice>
      <AllowDiscount>1</AllowDiscount>
      <ItemStatus>1</ItemStatus>
    </Item>
    <Item>
      <PriceUpdateDate>2021-01-20 21:12</PriceUpdateDate>
      <ItemCode>85967076</ItemCode>
      <ItemType>1</ItemType>
      <ItemName>נייר גלגול בינוני כולל פילטר חום</ItemName>
      <ManufacturerName>לא ידוע</ManufacturerName>
      <ManufactureCountry>צכיה</ManufactureCountry>
      <ManufacturerItemDescription>נייר גלגול בינוני כו</ManufacturerItemDescription>
      <UnitQty>יחידה</UnitQty>
      <Quantity>1.00</Quantity>
      <bIsWeighted>0</bIsWeighted>
      <UnitOfMeasure>יחידה</UnitOfMeasure>
      <QtyInPackage>1</QtyInPackage>
      <ItemPrice>6.00</ItemPrice>
      <UnitOfMeasurePrice>6.00</UnitOfMeasurePrice>
      <AllowDiscount>1</AllowDiscount>
      <ItemStatus>1</ItemStatus>
    </Item>
    <Item>
      <PriceUpdateDate>2024-09-26 11:46</PriceUpdateDate>
      <ItemCode>860010448793</ItemCode>
      <ItemType>1</ItemType>
      <ItemName>וודקה ואן גוך אבטיח  ליצי 750 מ"ל</ItemName>
      <ManufacturerName>לא ידוע</ManufacturerName>
      <ManufactureCountry>הולנד</ManufactureCountry>
      <ManufacturerItemDescription>וודקה ואן גוך אבטיח </ManufacturerItemDescription>
      <UnitQty>מיליליטרים</UnitQty>
      <Quantity>750.00</Quantity>
      <bIsWeighted>0</bIsWeighted>
      <UnitOfMeasure>100 מ"ל</UnitOfMeasure>
      <QtyInPackage>1</QtyInPackage>
      <ItemPrice>142.90</ItemPrice>
      <UnitOfMeasurePrice>19.05</UnitOfMeasurePrice>
      <AllowDiscount>1</AllowDiscount>
      <ItemStatus>1</ItemStatus>
    </Item>
    <Item>
      <PriceUpdateDate>2024-12-04 17:02</PriceUpdateDate>
      <ItemCode>860011605201</ItemCode>
      <ItemType>1</ItemType>
      <ItemName>חטיף תירס בטעם חריף 85 גרם</ItemName>
      <ManufacturerName>לא ידוע</ManufacturerName>
      <ManufactureCountry>ארצות הברית</ManufactureCountry>
      <ManufacturerItemDescription>חטיף תירס בטעם חריף </ManufacturerItemDescription>
      <UnitQty>גרמים</UnitQty>
      <Quantity>85.00</Quantity>
      <bIsWeighted>0</bIsWeighted>
      <UnitOfMeasure>100 גרם</UnitOfMeasure>
      <QtyInPackage>1</QtyInPackage>
      <ItemPrice>16.90</ItemPrice>
      <UnitOfMeasurePrice>19.88</UnitOfMeasurePrice>
      <AllowDiscount>1</AllowDiscount>
      <ItemStatus>1</ItemStatus>
    </Item>
    <Item>
      <PriceUpdateDate>2024-12-04 17:02</PriceUpdateDate>
      <ItemCode>860011605225</ItemCode>
      <ItemType>1</ItemType>
      <ItemName>חטיף תירס בטעם גבינת צדר 85 גרם</ItemName>
      <ManufacturerName>לא ידוע</ManufacturerName>
      <ManufactureCountry>ארצות הברית</ManufactureCountry>
      <ManufacturerItemDescription>חטיף תירס בטעם צדר  </ManufacturerItemDescription>
      <UnitQty>גרמים</UnitQty>
      <Quantity>85.00</Quantity>
      <bIsWeighted>0</bIsWeighted>
      <UnitOfMeasure>100 גרם</UnitOfMeasure>
      <QtyInPackage>1</QtyInPackage>
      <ItemPrice>16.90</ItemPrice>
      <UnitOfMeasurePrice>19.88</UnitOfMeasurePrice>
      <AllowDiscount>1</AllowDiscount>
      <ItemStatus>1</ItemStatus>
    </Item>
    <Item>
      <PriceUpdateDate>2024-12-04 17:02</PriceUpdateDate>
      <ItemCode>860011605249</ItemCode>
      <ItemType>1</ItemType>
      <ItemName>חטיף תירס בטעם קינמון 85 גרם</ItemName>
      <ManufacturerName>לא ידוע</ManufacturerName>
      <ManufactureCountry>ארצות הברית</ManufactureCountry>
      <ManufacturerItemDescription>חטיף תירס בטעם קינמו</ManufacturerItemDescription>
      <UnitQty>גרמים</UnitQty>
      <Quantity>85.00</Quantity>
      <bIsWeighted>0</bIsWeighted>
      <UnitOfMeasure>100 גרם</UnitOfMeasure>
      <QtyInPackage>1</QtyInPackage>
      <ItemPrice>16.90</ItemPrice>
      <UnitOfMeasurePrice>19.88</UnitOfMeasurePrice>
      <AllowDiscount>1</AllowDiscount>
      <ItemStatus>1</ItemStatus>
    </Item>
    <Item>
      <PriceUpdateDate>2024-12-04 17:02</PriceUpdateDate>
      <ItemCode>860011605263</ItemCode>
      <ItemType>1</ItemType>
      <ItemName>חטיף תירס בטעם פיצה 85 גרם</ItemName>
      <ManufacturerName>לא ידוע</ManufacturerName>
      <ManufactureCountry>ארצות הברית</ManufactureCountry>
      <ManufacturerItemDescription>חטיף תירס בטעם פיצה </ManufacturerItemDescription>
      <UnitQty>גרמים</UnitQty>
      <Quantity>85.00</Quantity>
      <bIsWeighted>0</bIsWeighted>
      <UnitOfMeasure>100 גרם</UnitOfMeasure>
      <QtyInPackage>1</QtyInPackage>
      <ItemPrice>16.90</ItemPrice>
      <UnitOfMeasurePrice>19.88</UnitOfMeasurePrice>
      <AllowDiscount>1</AllowDiscount>
      <ItemStatus>1</ItemStatus>
    </Item>
    <Item>
      <PriceUpdateDate>2025-04-23 13:08</PriceUpdateDate>
      <ItemCode>8606109442004</ItemCode>
      <ItemType>1</ItemType>
      <ItemName>דלישס פריכיות אורז מאורז חום מלא 100 ג</ItemName>
      <ManufacturerName>לא ידוע</ManufacturerName>
      <ManufactureCountry>סרביה</ManufactureCountry>
      <ManufacturerItemDescription>דלישס פריכיות אורז מ</ManufacturerItemDescription>
      <UnitQty>גרמים</UnitQty>
      <Quantity>100.00</Quantity>
      <bIsWeighted>0</bIsWeighted>
      <UnitOfMeasure>100 גרם</UnitOfMeasure>
      <QtyInPackage>1</QtyInPackage>
      <ItemPrice>8.50</ItemPrice>
      <UnitOfMeasurePrice>8.50</UnitOfMeasurePrice>
      <AllowDiscount>1</AllowDiscount>
      <ItemStatus>1</ItemStatus>
    </Item>
    <Item>
      <PriceUpdateDate>2025-12-21 09:01</PriceUpdateDate>
      <ItemCode>8618007</ItemCode>
      <ItemType>1</ItemType>
      <ItemName>פילה סלמון פרוס טרי סקין</ItemName>
      <ManufacturerName>לא ידוע</ManufacturerName>
      <ManufactureCountry>ישראל</ManufactureCountry>
      <ManufacturerItemDescription>פילה סלמון נורווגי  </ManufacturerItemDescription>
      <UnitQty>Unknown</UnitQty>
      <Quantity>0.00</Quantity>
      <bIsWeighted>1</bIsWeighted>
      <UnitOfMeasure>ק"ג</UnitOfMeasure>
      <QtyInPackage>0</QtyInPackage>
      <ItemPrice>144.90</ItemPrice>
      <UnitOfMeasurePrice>144.90</UnitOfMeasurePrice>
      <AllowDiscount>1</AllowDiscount>
      <ItemStatus>1</ItemStatus>
    </Item>
    <Item>
      <PriceUpdateDate>2025-06-25 06:22</PriceUpdateDate>
      <ItemCode>8618021</ItemCode>
      <ItemType>1</ItemType>
      <ItemName>פילה דניס טרי סקין</ItemName>
      <ManufacturerName>לא ידוע</ManufacturerName>
      <ManufactureCountry>ישראל</ManufactureCountry>
      <ManufacturerItemDescription>פילה דניס טרי       </ManufacturerItemDescription>
      <UnitQty>Unknown</UnitQty>
      <Quantity>0.00</Quantity>
      <bIsWeighted>1</bIsWeighted>
      <UnitOfMeasure>ק"ג</UnitOfMeasure>
      <QtyInPackage>0</QtyInPackage>
      <ItemPrice>159.90</ItemPrice>
      <UnitOfMeasurePrice>159.90</UnitOfMeasurePrice>
      <AllowDiscount>1</AllowDiscount>
      <ItemStatus>1</ItemStatus>
    </Item>
    <Item>
      <PriceUpdateDate>2025-06-25 06:23</PriceUpdateDate>
      <ItemCode>8618038</ItemCode>
      <ItemType>1</ItemType>
      <ItemName>פילה לברק טרי סקין</ItemName>
      <ManufacturerName>לא ידוע</ManufacturerName>
      <ManufactureCountry>ישראל</ManufactureCountry>
      <ManufacturerItemDescription>פילה לברק טרי       </ManufacturerItemDescription>
      <UnitQty>Unknown</UnitQty>
      <Quantity>0.00</Quantity>
      <bIsWeighted>1</bIsWeighted>
      <UnitOfMeasure>ק"ג</UnitOfMeasure>
      <QtyInPackage>0</QtyInPackage>
      <ItemPrice>159.90</ItemPrice>
      <UnitOfMeasurePrice>159.90</UnitOfMeasurePrice>
      <AllowDiscount>1</AllowDiscount>
      <ItemStatus>1</ItemStatus>
    </Item>
    <Item>
      <PriceUpdateDate>2024-11-21 12:27</PriceUpdateDate>
      <ItemCode>8680244927053</ItemCode>
      <ItemType>1</ItemType>
      <ItemName>קידסי סוף טילון רביעיה 100 גרם</ItemName>
      <ManufacturerName>לא ידוע</ManufacturerName>
      <ManufactureCountry>טורקיה</ManufactureCountry>
      <ManufacturerItemDescription>קידסי סוף טילון רביע</ManufacturerItemDescription>
      <UnitQty>גרמים</UnitQty>
      <Quantity>100.00</Quantity>
      <bIsWeighted>0</bIsWeighted>
      <UnitOfMeasure>100 גרם</UnitOfMeasure>
      <QtyInPackage>1</QtyInPackage>
      <ItemPrice>9.90</ItemPrice>
      <UnitOfMeasurePrice>9.90</UnitOfMeasurePrice>
      <AllowDiscount>1</AllowDiscount>
      <ItemStatus>1</ItemStatus>
    </Item>
    <Item>
      <PriceUpdateDate>2025-07-15 11:39</PriceUpdateDate>
      <ItemCode>8683659925041</ItemCode>
      <ItemType>1</ItemType>
      <ItemName>חטיף נובילוס בטעם נגיסי ברווז 80 גרם</ItemName>
      <ManufacturerName>נובילוס</ManufacturerName>
      <ManufactureCountry />
      <ManufacturerItemDescription>חטיף נובילוס בטעם נג</ManufacturerItemDescription>
      <UnitQty>גרמים</UnitQty>
      <Quantity>80.00</Quantity>
      <bIsWeighted>0</bIsWeighted>
      <UnitOfMeasure>100 גרם</UnitOfMeasure>
      <QtyInPackage>1</QtyInPackage>
      <ItemPrice>9.90</ItemPrice>
      <UnitOfMeasurePrice>12.38</UnitOfMeasurePrice>
      <AllowDiscount>1</AllowDiscount>
      <ItemStatus>1</ItemStatus>
    </Item>
    <Item>
      <PriceUpdateDate>2025-07-15 11:39</PriceUpdateDate>
      <ItemCode>8683659925102</ItemCode>
      <ItemType>1</ItemType>
      <ItemName>חטיף נובילוס בטעם סושי בקר 80 גרם</ItemName>
      <ManufacturerName>נובילוס</ManufacturerName>
      <ManufactureCountry />
      <ManufacturerItemDescription>חטיף נובילוס בטעם סו</ManufacturerItemDescription>
      <UnitQty>גרמים</UnitQty>
      <Quantity>80.00</Quantity>
      <bIsWeighted>0</bIsWeighted>
      <UnitOfMeasure>100 גרם</UnitOfMeasure>
      <QtyInPackage>1</QtyInPackage>
      <ItemPrice>9.90</ItemPrice>
      <UnitOfMeasurePrice>12.38</UnitOfMeasurePrice>
      <AllowDiscount>1</AllowDiscount>
      <ItemStatus>1</ItemStatus>
    </Item>
    <Item>
      <PriceUpdateDate>2025-03-06 18:46</PriceUpdateDate>
      <ItemCode>8690637504426</ItemCode>
      <ItemType>1</ItemType>
      <ItemName>קרם ניקוי סיף בניחוח לימון 500 מ"ל</ItemName>
      <ManufacturerName>לא ידוע</ManufacturerName>
      <ManufactureCountry>טורקיה</ManufactureCountry>
      <ManufacturerItemDescription>קרם ניקוי סיף בניחוח</ManufacturerItemDescription>
      <UnitQty>יחידה</UnitQty>
      <Quantity>1.00</Quantity>
      <bIsWeighted>0</bIsWeighted>
      <UnitOfMeasure>יחידה</UnitOfMeasure>
      <QtyInPackage>1</QtyInPackage>
      <ItemPrice>18.50</ItemPrice>
      <UnitOfMeasurePrice>18.50</UnitOfMeasurePrice>
      <AllowDiscount>1</AllowDiscount>
      <ItemStatus>1</ItemStatus>
    </Item>
    <Item>
      <PriceUpdateDate>2025-08-07 12:49</PriceUpdateDate>
      <ItemCode>8693495030243</ItemCode>
      <ItemType>1</ItemType>
      <ItemName>פלמוליב סבון גוף מרענן לגבר 750 מ"ל</ItemName>
      <ManufacturerName>לא ידוע</ManufacturerName>
      <ManufactureCountry>IT</ManufactureCountry>
      <ManufacturerItemDescription>פלמוליב סבון גוף מרע</ManufacturerItemDescription>
      <UnitQty>מיליליטרים</UnitQty>
      <Quantity>750.00</Quantity>
      <bIsWeighted>0</bIsWeighted>
      <UnitOfMeasure>100 מ"ל</UnitOfMeasure>
      <QtyInPackage>1</QtyInPackage>
      <ItemPrice>25.90</ItemPrice>
      <UnitOfMeasurePrice>3.45</UnitOfMeasurePrice>
      <AllowDiscount>1</AllowDiscount>
      <ItemStatus>1</ItemStatus>
    </Item>
    <Item>
      <PriceUpdateDate>2025-03-06 18:44</PriceUpdateDate>
      <ItemCode>8693495041461</ItemCode>
      <ItemType>1</ItemType>
      <ItemName>זוג מברשות שיניים קולגייט סלים סופט פחם</ItemName>
      <ManufacturerName>לא ידוע</ManufacturerName>
      <ManufactureCountry>לא ידוע</ManufactureCountry>
      <ManufacturerItemDescription>זוג מברשות שיניים קו</ManufacturerItemDescription>
      <UnitQty>Unknown</UnitQty>
      <Quantity>0.00</Quantity>
      <bIsWeighted>0</bIsWeighted>
      <UnitOfMeasure>Unknown</UnitOfMeasure>
      <QtyInPackage>1</QtyInPackage>
      <ItemPrice>38.90</ItemPrice>
      <UnitOfMeasurePrice>38.90</UnitOfMeasurePrice>
      <AllowDiscount>1</AllowDiscount>
      <ItemStatus>1</ItemStatus>
    </Item>
    <Item>
      <PriceUpdateDate>2024-12-01 09:02</PriceUpdateDate>
      <ItemCode>8697418280173</ItemCode>
      <ItemType>1</ItemType>
      <ItemName>עלי טורטייה מחיטה מלאה 840 גרם  LAVALIA</ItemName>
      <ManufacturerName>לא ידוע</ManufacturerName>
      <ManufactureCountry>לא ידוע</ManufactureCountry>
      <ManufacturerItemDescription>עלי טורטייה מחיטה מל</ManufacturerItemDescription>
      <UnitQty>גרמים</UnitQty>
      <Quantity>840.00</Quantity>
      <bIsWeighted>0</bIsWeighted>
      <UnitOfMeasure>100 גרם</UnitOfMeasure>
      <QtyInPackage>1</QtyInPackage>
      <ItemPrice>30.90</ItemPrice>
      <UnitOfMeasurePrice>3.68</UnitOfMeasurePrice>
      <AllowDiscount>1</AllowDiscount>
      <ItemStatus>1</ItemStatus>
    </Item>
    <Item>
      <PriceUpdateDate>2024-04-03 18:16</PriceUpdateDate>
      <ItemCode>8697826469092</ItemCode>
      <ItemType>1</ItemType>
      <ItemName>טורטיה קטנה  10 יחידות 450 גרם</ItemName>
      <ManufacturerName>לא ידוע</ManufacturerName>
      <ManufactureCountry>לא ידוע</ManufactureCountry>
      <ManufacturerItemDescription>טורטיה קטנה 10 יחידו</ManufacturerItemDescription>
      <UnitQty>גרמים</UnitQty>
      <Quantity>450.00</Quantity>
      <bIsWeighted>0</bIsWeighted>
      <UnitOfMeasure>100 גרם</UnitOfMeasure>
      <QtyInPackage>1</QtyInPackage>
      <ItemPrice>13.90</ItemPrice>
      <UnitOfMeasurePrice>3.09</UnitOfMeasurePrice>
      <AllowDiscount>1</AllowDiscount>
      <ItemStatus>1</ItemStatus>
    </Item>
    <Item>
      <PriceUpdateDate>2025-01-27 11:46</PriceUpdateDate>
      <ItemCode>8700216134668</ItemCode>
      <ItemType>1</ItemType>
      <ItemName>קפסולות כתמים קשים אריאל 41 יח</ItemName>
      <ManufacturerName>לא ידוע</ManufacturerName>
      <ManufactureCountry>צרפת</ManufactureCountry>
      <ManufacturerItemDescription>קפסולות כתמים קשים א</ManufacturerItemDescription>
      <UnitQty>יחידה</UnitQty>
      <Quantity>1.00</Quantity>
      <bIsWeighted>0</bIsWeighted>
      <UnitOfMeasure>יחידה</UnitOfMeasure>
      <QtyInPackage>1</QtyInPackage>
      <ItemPrice>76.90</ItemPrice>
      <UnitOfMeasurePrice>76.90</UnitOfMeasurePrice>
      <AllowDiscount>1</AllowDiscount>
      <ItemStatus>1</ItemStatus>
    </Item>
    <Item>
      <PriceUpdateDate>2025-01-27 11:46</PriceUpdateDate>
      <ItemCode>8700216134712</ItemCode>
      <ItemType>1</ItemType>
      <ItemName>קפסולות בניחוח לנור אריאל 41 יח</ItemName>
      <ManufacturerName>לא ידוע</ManufacturerName>
      <ManufactureCountry>צרפת</ManufactureCountry>
      <ManufacturerItemDescription>קפסולות בניחוח לנור </ManufacturerItemDescription>
      <UnitQty>יחידה</UnitQty>
      <Quantity>1.00</Quantity>
      <bIsWeighted>0</bIsWeighted>
      <UnitOfMeasure>יחידה</UnitOfMeasure>
      <QtyInPackage>1</QtyInPackage>
      <ItemPrice>76.90</ItemPrice>
      <UnitOfMeasurePrice>76.90</UnitOfMeasurePrice>
      <AllowDiscount>1</AllowDiscount>
      <ItemStatus>1</ItemStatus>
    </Item>
    <Item>
      <PriceUpdateDate>2025-03-20 09:42</PriceUpdateDate>
      <ItemCode>8700216237017</ItemCode>
      <ItemType>1</ItemType>
      <ItemName>טבליות למדיח פלטינום פיירי 39 יחידות</ItemName>
      <ManufacturerName>לא ידוע</ManufacturerName>
      <ManufactureCountry>לא ידוע</ManufactureCountry>
      <ManufacturerItemDescription>טבליות למדיח פלטינום</ManufacturerItemDescription>
      <UnitQty>יחידה</UnitQty>
      <Quantity>1.00</Quantity>
      <bIsWeighted>0</bIsWeighted>
      <UnitOfMeasure>יחידה</UnitOfMeasure>
      <QtyInPackage>1</QtyInPackage>
      <ItemPrice>52.90</ItemPrice>
      <UnitOfMeasurePrice>52.90</UnitOfMeasurePrice>
      <AllowDiscount>1</AllowDiscount>
      <ItemStatus>1</ItemStatus>
    </Item>
    <Item>
      <PriceUpdateDate>2025-05-29 09:38</PriceUpdateDate>
      <ItemCode>8700216744560</ItemCode>
      <ItemType>1</ItemType>
      <ItemName>אריאל גל כביסה ניחוח הרים 1.75 ליטר</ItemName>
      <ManufacturerName>לא ידוע</ManufacturerName>
      <ManufactureCountry>IT</ManufactureCountry>
      <ManufacturerItemDescription>אריאל גל כביסה ניחוח</ManufacturerItemDescription>
      <UnitQty>ליטרים</UnitQty>
      <Quantity>0.00</Quantity>
      <bIsWeighted>0</bIsWeighted>
      <UnitOfMeasure>ליטר</UnitOfMeasure>
      <QtyInPackage>1</QtyInPackage>
      <ItemPrice>44.90</ItemPrice>
      <UnitOfMeasurePrice>44.90</UnitOfMeasurePrice>
      <AllowDiscount>1</AllowDiscount>
      <ItemStatus>1</ItemStatus>
    </Item>
    <Item>
      <PriceUpdateDate>2024-12-01 09:02</PriceUpdateDate>
      <ItemCode>8710418111213</ItemCode>
      <ItemType>1</ItemType>
      <ItemName>עוגיות חמאה ברינק ספריטס הולנדי 400 גרם</ItemName>
      <ManufacturerName>לא ידוע</ManufacturerName>
      <ManufactureCountry>לא ידוע</ManufactureCountry>
      <ManufacturerItemDescription>עוגיות חמאה ברינק ספ</ManufacturerItemDescription>
      <UnitQty>גרמים</UnitQty>
      <Quantity>400.00</Quantity>
      <bIsWeighted>0</bIsWeighted>
      <UnitOfMeasure>100 גרם</UnitOfMeasure>
      <QtyInPackage>1</QtyInPackage>
      <ItemPrice>16.90</ItemPrice>
      <UnitOfMeasurePrice>4.23</UnitOfMeasurePrice>
      <AllowDiscount>1</AllowDiscount>
      <ItemStatus>1</ItemStatus>
    </Item>
    <Item>
      <PriceUpdateDate>2025-11-19 11:16</PriceUpdateDate>
      <ItemCode>8710448569879</ItemCode>
      <ItemType>1</ItemType>
      <ItemName>מיונז הולנדי לחיץ 750 גרם</ItemName>
      <ManufacturerName>לא ידוע</ManufacturerName>
      <ManufactureCountry>לא ידוע</ManufactureCountry>
      <ManufacturerItemDescription>מיונז הולנדי לחיץ 75</ManufacturerItemDescription>
      <UnitQty>גרמים</UnitQty>
      <Quantity>750.00</Quantity>
      <bIsWeighted>0</bIsWeighted>
      <UnitOfMeasure>100 גרם</UnitOfMeasure>
      <QtyInPackage>1</QtyInPackage>
      <ItemPrice>25.90</ItemPrice>
      <UnitOfMeasurePrice>3.45</UnitOfMeasurePrice>
      <AllowDiscount>1</AllowDiscount>
      <ItemStatus>1</ItemStatus>
    </Item>
    <Item>
      <PriceUpdateDate>2024-01-26 23:27</PriceUpdateDate>
      <ItemCode>8710448595175</ItemCode>
      <ItemType>1</ItemType>
      <ItemName>רוטב מעושן 450 מ"ל BLACEJACK</ItemName>
      <ManufacturerName>לא ידוע</ManufacturerName>
      <ManufactureCountry>לא ידוע</ManufactureCountry>
      <ManufacturerItemDescription>רוטב מעושן 450 מ"ל B</ManufacturerItemDescription>
      <UnitQty>מיליליטרים</UnitQty>
      <Quantity>450.00</Quantity>
      <bIsWeighted>0</bIsWeighted>
      <UnitOfMeasure>100 מ"ל</UnitOfMeasure>
      <QtyInPackage>1</QtyInPackage>
      <ItemPrice>21.90</ItemPrice>
      <UnitOfMeasurePrice>4.87</UnitOfMeasurePrice>
      <AllowDiscount>1</AllowDiscount>
      <ItemStatus>1</ItemStatus>
    </Item>
    <Item>
      <PriceUpdateDate>2024-01-16 20:37</PriceUpdateDate>
      <ItemCode>8710448639541</ItemCode>
      <ItemType>1</ItemType>
      <ItemName>GG רוטב אנדלוס 550 מ"ל</ItemName>
      <ManufacturerName>לא ידוע</ManufacturerName>
      <ManufactureCountry>הולנד</ManufactureCountry>
      <ManufacturerItemDescription>GG רוטב אנדלוס 550 מ</ManufacturerItemDescription>
      <UnitQty>מיליליטרים</UnitQty>
      <Quantity>550.00</Quantity>
      <bIsWeighted>0</bIsWeighted>
      <UnitOfMeasure>100 מ"ל</UnitOfMeasure>
      <QtyInPackage>1</QtyInPackage>
      <ItemPrice>25.90</ItemPrice>
      <UnitOfMeasurePrice>4.71</UnitOfMeasurePrice>
      <AllowDiscount>1</AllowDiscount>
      <ItemStatus>1</ItemStatus>
    </Item>
    <Item>
      <PriceUpdateDate>2025-10-19 15:19</PriceUpdateDate>
      <ItemCode>8710502064814</ItemCode>
      <ItemType>1</ItemType>
      <ItemName>עוגיות מרבה שוקולד ציפס במרקם רך 175 גר</ItemName>
      <ManufacturerName>לא ידוע</ManufacturerName>
      <ManufactureCountry>לא ידוע</ManufactureCountry>
      <ManufacturerItemDescription>עוגיות מרבה שוקולד צ</ManufacturerItemDescription>
      <UnitQty>גרמים</UnitQty>
      <Quantity>175.00</Quantity>
      <bIsWeighted>0</bIsWeighted>
      <UnitOfMeasure>100 גרם</UnitOfMeasure>
      <QtyInPackage>1</QtyInPackage>
      <ItemPrice>13.90</ItemPrice>
      <UnitOfMeasurePrice>7.94</UnitOfMeasurePrice>
      <AllowDiscount>1</AllowDiscount>
      <ItemStatus>1</ItemStatus>
    </Item>
    <Item>
      <PriceUpdateDate>2025-10-19 15:19</PriceUpdateDate>
      <ItemCode>8710502285509</ItemCode>
      <ItemType>1</ItemType>
      <ItemName>עוגיות לימון שוקולד ציפס במרקם רך 175 גר</ItemName>
      <ManufacturerName>לא ידוע</ManufacturerName>
      <ManufactureCountry>לא ידוע</ManufactureCountry>
      <ManufacturerItemDescription>עוגיות לימון שוקולד </ManufacturerItemDescription>
      <UnitQty>גרמים</UnitQty>
      <Quantity>175.00</Quantity>
      <bIsWeighted>0</bIsWeighted>
      <UnitOfMeasure>100 גרם</UnitOfMeasure>
      <QtyInPackage>1</QtyInPackage>
      <ItemPrice>13.90</ItemPrice>
      <UnitOfMeasurePrice>7.94</UnitOfMeasurePrice>
      <AllowDiscount>1</AllowDiscount>
      <ItemStatus>1</ItemStatus>
    </Item>
    <Item>
      <PriceUpdateDate>2025-10-19 15:18</PriceUpdateDate>
      <ItemCode>8710502455001</ItemCode>
      <ItemType>1</ItemType>
      <ItemName>עוגיות שוקולד ציפס חמוציות במרקם רך</ItemName>
      <ManufacturerName>לא ידוע</ManufacturerName>
      <ManufactureCountry>לא ידוע</ManufactureCountry>
      <ManufacturerItemDescription>עוגיות שוקולד ציפס ח</ManufacturerItemDescription>
      <UnitQty>גרמים</UnitQty>
      <Quantity>175.00</Quantity>
      <bIsWeighted>0</bIsWeighted>
      <UnitOfMeasure>100 גרם</UnitOfMeasure>
      <QtyInPackage>1</QtyInPackage>
      <ItemPrice>13.90</ItemPrice>
      <UnitOfMeasurePrice>7.94</UnitOfMeasurePrice>
      <AllowDiscount>1</AllowDiscount>
      <ItemStatus>1</ItemStatus>
    </Item>
    <Item>
      <PriceUpdateDate>2025-10-19 15:18</PriceUpdateDate>
      <ItemCode>8710502470028</ItemCode>
      <ItemType>1</ItemType>
      <ItemName>עוגיות מרבה נוגטלי 160 גרם</ItemName>
      <ManufacturerName>לא ידוע</ManufacturerName>
      <ManufactureCountry>לא ידוע</ManufactureCountry>
      <ManufacturerItemDescription>עוגיות מרבה נוגטלי 1</ManufacturerItemDescription>
      <UnitQty>גרמים</UnitQty>
      <Quantity>160.00</Quantity>
      <bIsWeighted>0</bIsWeighted>
      <UnitOfMeasure>100 גרם</UnitOfMeasure>
      <QtyInPackage>1</QtyInPackage>
      <ItemPrice>13.90</ItemPrice>
      <UnitOfMeasurePrice>8.69</UnitOfMeasurePrice>
      <AllowDiscount>1</AllowDiscount>
      <ItemStatus>1</ItemStatus>
    </Item>
    <Item>
      <PriceUpdateDate>2024-11-22 13:37</PriceUpdateDate>
      <ItemCode>8710732228918</ItemCode>
      <ItemType>1</ItemType>
      <ItemName>מצת קריקט</ItemName>
      <ManufacturerName>לא ידוע</ManufacturerName>
      <ManufactureCountry>לא ידוע</ManufactureCountry>
      <ManufacturerItemDescription>מצת קריקט           </ManufacturerItemDescription>
      <UnitQty>Unknown</UnitQty>
      <Quantity>0.00</Quantity>
      <bIsWeighted>0</bIsWeighted>
      <UnitOfMeasure>Unknown</UnitOfMeasure>
      <QtyInPackage>1</QtyInPackage>
      <ItemPrice>7.70</ItemPrice>
      <UnitOfMeasurePrice>7.70</UnitOfMeasurePrice>
      <AllowDiscount>1</AllowDiscount>
      <ItemStatus>1</ItemStatus>
    </Item>
    <Item>
      <PriceUpdateDate>2023-05-22 18:48</PriceUpdateDate>
      <ItemCode>87108538</ItemCode>
      <ItemType>1</ItemType>
      <ItemName>מנטוס תות שדה</ItemName>
      <ManufacturerName>לא ידוע</ManufacturerName>
      <ManufactureCountry>לא ידוע</ManufactureCountry>
      <ManufacturerItemDescription>מנטוס תות שדה       </ManufacturerItemDescription>
      <UnitQty>גרמים</UnitQty>
      <Quantity>37.00</Quantity>
      <bIsWeighted>0</bIsWeighted>
      <UnitOfMeasure>100 גרם</UnitOfMeasure>
      <QtyInPackage>1</QtyInPackage>
      <ItemPrice>3.90</ItemPrice>
      <UnitOfMeasurePrice>10.54</UnitOfMeasurePrice>
      <AllowDiscount>1</AllowDiscount>
      <ItemStatus>1</ItemStatus>
    </Item>
    <Item>
      <PriceUpdateDate>2025-08-13 14:51</PriceUpdateDate>
      <ItemCode>8711842325603</ItemCode>
      <ItemType>1</ItemType>
      <ItemName>פינו גבינה הולנדית אקסטרה מיושנת 180 גרם</ItemName>
      <ManufacturerName>לא ידוע</ManufacturerName>
      <ManufactureCountry>הולנד</ManufactureCountry>
      <ManufacturerItemDescription>פינו גבינה הולנדית א</ManufacturerItemDescription>
      <UnitQty>גרמים</UnitQty>
      <Quantity>180.00</Quantity>
      <bIsWeighted>0</bIsWeighted>
      <UnitOfMeasure>100 גרם</UnitOfMeasure>
      <QtyInPackage>1</QtyInPackage>
      <ItemPrice>32.90</ItemPrice>
      <UnitOfMeasurePrice>18.28</UnitOfMeasurePrice>
      <AllowDiscount>1</AllowDiscount>
      <ItemStatus>1</ItemStatus>
    </Item>
    <Item>
      <PriceUpdateDate>2025-05-20 13:29</PriceUpdateDate>
      <ItemCode>8712561488280</ItemCode>
      <ItemType>1</ItemType>
      <ItemName>דאב שמפו שיקום אינטנסיבי 400 מל</ItemName>
      <ManufacturerName>לא ידוע</ManufacturerName>
      <ManufactureCountry>פולין</ManufactureCountry>
      <ManufacturerItemDescription>דאב שמפו שיקום אינטנ</ManufacturerItemDescription>
      <UnitQty>מיליליטרים</UnitQty>
      <Quantity>400.00</Quantity>
      <bIsWeighted>0</bIsWeighted>
      <UnitOfMeasure>100 מ"ל</UnitOfMeasure>
      <QtyInPackage>1</QtyInPackage>
      <ItemPrice>20.90</ItemPrice>
      <UnitOfMeasurePrice>5.23</UnitOfMeasurePrice>
      <AllowDiscount>1</AllowDiscount>
      <ItemStatus>1</ItemStatus>
    </Item>
    <Item>
      <PriceUpdateDate>2025-07-01 06:22</PriceUpdateDate>
      <ItemCode>8713438</ItemCode>
      <ItemType>1</ItemType>
      <ItemName>גאודה הולנדית מיושנת במשקל</ItemName>
      <ManufacturerName>לא ידוע</ManufacturerName>
      <ManufactureCountry>לא ידוע</ManufactureCountry>
      <ManufacturerItemDescription>גאודה הולנדית מיושנת</ManufacturerItemDescription>
      <UnitQty>Unknown</UnitQty>
      <Quantity>0.00</Quantity>
      <bIsWeighted>1</bIsWeighted>
      <UnitOfMeasure>ק"ג</UnitOfMeasure>
      <QtyInPackage>0</QtyInPackage>
      <ItemPrice>149.00</ItemPrice>
      <UnitOfMeasurePrice>149.00</UnitOfMeasurePrice>
      <AllowDiscount>1</AllowDiscount>
      <ItemStatus>1</ItemStatus>
    </Item>
    <Item>
      <PriceUpdateDate>2025-07-10 11:27</PriceUpdateDate>
      <ItemCode>8713499045156</ItemCode>
      <ItemType>1</ItemType>
      <ItemName>גאודה כמון הולנדית במשקל</ItemName>
      <ManufacturerName>לא ידוע</ManufacturerName>
      <ManufactureCountry>לא ידוע</ManufactureCountry>
      <ManufacturerItemDescription>גאודה כמון הולנדית ב</ManufacturerItemDescription>
      <UnitQty>Unknown</UnitQty>
      <Quantity>0.00</Quantity>
      <bIsWeighted>1</bIsWeighted>
      <UnitOfMeasure>ק"ג</UnitOfMeasure>
      <QtyInPackage>0</QtyInPackage>
      <ItemPrice>139.00</ItemPrice>
      <UnitOfMeasurePrice>139.00</UnitOfMeasurePrice>
      <AllowDiscount>1</AllowDiscount>
      <ItemStatus>1</ItemStatus>
    </Item>
    <Item>
      <PriceUpdateDate>2025-07-10 11:27</PriceUpdateDate>
      <ItemCode>8713505038608</ItemCode>
      <ItemType>1</ItemType>
      <ItemName>גאודה הולנדית פטריות כמהין במשקל</ItemName>
      <ManufacturerName>לא ידוע</ManufacturerName>
      <ManufactureCountry />
      <ManufacturerItemDescription>גאודה הולנדית פטריות</ManufacturerItemDescription>
      <UnitQty>Unknown</UnitQty>
      <Quantity>0.00</Quantity>
      <bIsWeighted>1</bIsWeighted>
      <UnitOfMeasure>ק"ג</UnitOfMeasure>
      <QtyInPackage>0</QtyInPackage>
      <ItemPrice>209.00</ItemPrice>
      <UnitOfMeasurePrice>209.00</UnitOfMeasurePrice>
      <AllowDiscount>1</AllowDiscount>
      <ItemStatus>1</ItemStatus>
    </Item>
    <Item>
      <PriceUpdateDate>2025-03-11 08:24</PriceUpdateDate>
      <ItemCode>8713600286072</ItemCode>
      <ItemType>1</ItemType>
      <ItemName>לוק או לוק - גומי מגש סושי 100 גרם</ItemName>
      <ManufacturerName>לא ידוע</ManufacturerName>
      <ManufactureCountry>הולנד</ManufactureCountry>
      <ManufacturerItemDescription>לוק או לוק - גומי מג</ManufacturerItemDescription>
      <UnitQty>Unknown</UnitQty>
      <Quantity>100.00</Quantity>
      <bIsWeighted>0</bIsWeighted>
      <UnitOfMeasure>Unknown</UnitOfMeasure>
      <QtyInPackage>1</QtyInPackage>
      <ItemPrice>26.90</ItemPrice>
      <UnitOfMeasurePrice>0.27</UnitOfMeasurePrice>
      <AllowDiscount>1</AllowDiscount>
      <ItemStatus>1</ItemStatus>
    </Item>
    <Item>
      <PriceUpdateDate>2025-03-11 15:22</PriceUpdateDate>
      <ItemCode>8713800139307</ItemCode>
      <ItemType>1</ItemType>
      <ItemName>גלי בים בטעמים 90 גרם</ItemName>
      <ManufacturerName>לא ידוע</ManufacturerName>
      <ManufactureCountry>אירלנד</ManufactureCountry>
      <ManufacturerItemDescription>גלי בים בטעמים 90 גר</ManufacturerItemDescription>
      <UnitQty>גרמים</UnitQty>
      <Quantity>90.00</Quantity>
      <bIsWeighted>0</bIsWeighted>
      <UnitOfMeasure>100 גרם</UnitOfMeasure>
      <QtyInPackage>1</QtyInPackage>
      <ItemPrice>12.10</ItemPrice>
      <UnitOfMeasurePrice>13.44</UnitOfMeasurePrice>
      <AllowDiscount>1</AllowDiscount>
      <ItemStatus>1</ItemStatus>
    </Item>
    <Item>
      <PriceUpdateDate>2025-08-22 12:44</PriceUpdateDate>
      <ItemCode>8714599513781</ItemCode>
      <ItemType>1</ItemType>
      <ItemName>גיקובס גולד מיובש בהקפאה 200 גר</ItemName>
      <ManufacturerName>לא ידוע</ManufacturerName>
      <ManufactureCountry>לא ידוע</ManufactureCountry>
      <ManufacturerItemDescription>גיקובס גולד מיובש בה</ManufacturerItemDescription>
      <UnitQty>גרמים</UnitQty>
      <Quantity>200.00</Quantity>
      <bIsWeighted>0</bIsWeighted>
      <UnitOfMeasure>100 גרם</UnitOfMeasure>
      <QtyInPackage>1</QtyInPackage>
      <ItemPrice>37.90</ItemPrice>
      <UnitOfMeasurePrice>18.95</UnitOfMeasurePrice>
      <AllowDiscount>1</AllowDiscount>
      <ItemStatus>1</ItemStatus>
    </Item>
    <Item>
      <PriceUpdateDate>2025-08-22 12:44</PriceUpdateDate>
      <ItemCode>8714599513866</ItemCode>
      <ItemType>1</ItemType>
      <ItemName>גיקובס קרונונג מיובש בהקפאה 200 גר</ItemName>
      <ManufacturerName>לא ידוע</ManufacturerName>
      <ManufactureCountry>לא ידוע</ManufactureCountry>
      <ManufacturerItemDescription>גיקובס קרונונג מיובש</ManufacturerItemDescription>
      <UnitQty>גרמים</UnitQty>
      <Quantity>200.00</Quantity>
      <bIsWeighted>0</bIsWeighted>
      <UnitOfMeasure>100 גרם</UnitOfMeasure>
      <QtyInPackage>1</QtyInPackage>
      <ItemPrice>37.90</ItemPrice>
      <UnitOfMeasurePrice>18.95</UnitOfMeasurePrice>
      <AllowDiscount>1</AllowDiscount>
      <ItemStatus>1</ItemStatus>
    </Item>
    <Item>
      <PriceUpdateDate>2025-09-05 09:14</PriceUpdateDate>
      <ItemCode>8714789177229</ItemCode>
      <ItemType>1</ItemType>
      <ItemName>רביעיית מברשות שיניים קולגייט אקסטרא</ItemName>
      <ManufacturerName>לא ידוע</ManufacturerName>
      <ManufactureCountry>לא ידוע</ManufactureCountry>
      <ManufacturerItemDescription>רביעיית מברשות שיניי</ManufacturerItemDescription>
      <UnitQty>Unknown</UnitQty>
      <Quantity>0.00</Quantity>
      <bIsWeighted>0</bIsWeighted>
      <UnitOfMeasure>Unknown</UnitOfMeasure>
      <QtyInPackage>1</QtyInPackage>
      <ItemPrice>16.90</ItemPrice>
      <UnitOfMeasurePrice>16.90</UnitOfMeasurePrice>
      <AllowDiscount>1</AllowDiscount>
      <ItemStatus>1</ItemStatus>
    </Item>
    <Item>
      <PriceUpdateDate>2025-02-27 09:58</PriceUpdateDate>
      <ItemCode>8715035150300</ItemCode>
      <ItemType>1</ItemType>
      <ItemName>רוטב סויה קיקומן ללא גלוטן 250 מ"ל</ItemName>
      <ManufacturerName>לא ידוע</ManufacturerName>
      <ManufactureCountry>הולנד</ManufactureCountry>
      <ManufacturerItemDescription>רוטב סויה קיקומן ללא</ManufacturerItemDescription>
      <UnitQty>מיליליטרים</UnitQty>
      <Quantity>250.00</Quantity>
      <bIsWeighted>0</bIsWeighted>
      <UnitOfMeasure>100 מ"ל</UnitOfMeasure>
      <QtyInPackage>1</QtyInPackage>
      <ItemPrice>29.90</ItemPrice>
      <UnitOfMeasurePrice>11.96</UnitOfMeasurePrice>
      <AllowDiscount>1</AllowDiscount>
      <ItemStatus>1</ItemStatus>
    </Item>
    <Item>
      <PriceUpdateDate>2025-06-06 05:55</PriceUpdateDate>
      <ItemCode>8715700110158</ItemCode>
      <ItemType>1</ItemType>
      <ItemName>מיונז לייט בצנצנת היינץ 490 גרם</ItemName>
      <ManufacturerName>לא ידוע</ManufacturerName>
      <ManufactureCountry>לא ידוע</ManufactureCountry>
      <ManufacturerItemDescription>מיונז לייט בצנצנת הי</ManufacturerItemDescription>
      <UnitQty>גרמים</UnitQty>
      <Quantity>490.00</Quantity>
      <bIsWeighted>0</bIsWeighted>
      <UnitOfMeasure>100 גרם</UnitOfMeasure>
      <QtyInPackage>1</QtyInPackage>
      <ItemPrice>16.90</ItemPrice>
      <UnitOfMeasurePrice>3.45</UnitOfMeasurePrice>
      <AllowDiscount>1</AllowDiscount>
      <ItemStatus>1</ItemStatus>
    </Item>
    <Item>
      <PriceUpdateDate>2024-10-10 18:14</PriceUpdateDate>
      <ItemCode>8715700115641</ItemCode>
      <ItemType>1</ItemType>
      <ItemName>ממרח קרמי לחיץ לייט היינץ 420 גרם</ItemName>
      <ManufacturerName>לא ידוע</ManufacturerName>
      <ManufactureCountry>הולנד</ManufactureCountry>
      <ManufacturerItemDescription>ממרח קרמי לחיץ לייט </ManufacturerItemDescription>
      <UnitQty>גרמים</UnitQty>
      <Quantity>420.00</Quantity>
      <bIsWeighted>0</bIsWeighted>
      <UnitOfMeasure>100 גרם</UnitOfMeasure>
      <QtyInPackage>1</QtyInPackage>
      <ItemPrice>19.90</ItemPrice>
      <UnitOfMeasurePrice>4.74</UnitOfMeasurePrice>
      <AllowDiscount>1</AllowDiscount>
      <ItemStatus>1</ItemStatus>
    </Item>
    <Item>
      <PriceUpdateDate>2025-06-06 05:55</PriceUpdateDate>
      <ItemCode>8715700117805</ItemCode>
      <ItemType>1</ItemType>
      <ItemName>מתבל עגבניות ללת"ס ומלח 425 מ"ל</ItemName>
      <ManufacturerName>לא ידוע</ManufacturerName>
      <ManufactureCountry>הולנד</ManufactureCountry>
      <ManufacturerItemDescription>מתבל עגבניות ללת"ס ו</ManufacturerItemDescription>
      <UnitQty>מיליליטרים</UnitQty>
      <Quantity>425.00</Quantity>
      <bIsWeighted>0</bIsWeighted>
      <UnitOfMeasure>100 מ"ל</UnitOfMeasure>
      <QtyInPackage>1</QtyInPackage>
      <ItemPrice>14.90</ItemPrice>
      <UnitOfMeasurePrice>3.51</UnitOfMeasurePrice>
      <AllowDiscount>1</AllowDiscount>
      <ItemStatus>1</ItemStatus>
    </Item>
    <Item>
      <PriceUpdateDate>2025-05-23 08:04</PriceUpdateDate>
      <ItemCode>8715700118925</ItemCode>
      <ItemType>1</ItemType>
      <ItemName>קטשופ היינץ חריף 460 גר</ItemName>
      <ManufacturerName>לא ידוע</ManufacturerName>
      <ManufactureCountry>הולנד</ManufactureCountry>
      <ManufacturerItemDescription>קטשופ היינץ חריף 460</ManufacturerItemDescription>
      <UnitQty>גרמים</UnitQty>
      <Quantity>460.00</Quantity>
      <bIsWeighted>0</bIsWeighted>
      <UnitOfMeasure>100 גרם</UnitOfMeasure>
      <QtyInPackage>1</QtyInPackage>
      <ItemPrice>14.90</ItemPrice>
      <UnitOfMeasurePrice>3.24</UnitOfMeasurePrice>
      <AllowDiscount>1</AllowDiscount>
      <ItemStatus>1</ItemStatus>
    </Item>
    <Item>
      <PriceUpdateDate>2025-05-23 08:05</PriceUpdateDate>
      <ItemCode>8715700124964</ItemCode>
      <ItemType>1</ItemType>
      <ItemName>קטשופ היינץ 50/50 435 גר</ItemName>
      <ManufacturerName>לא ידוע</ManufacturerName>
      <ManufactureCountry>הולנד</ManufactureCountry>
      <ManufacturerItemDescription>קטשופ היינץ 50% פחות</ManufacturerItemDescription>
      <UnitQty>גרמים</UnitQty>
      <Quantity>435.00</Quantity>
      <bIsWeighted>0</bIsWeighted>
      <UnitOfMeasure>100 גרם</UnitOfMeasure>
      <QtyInPackage>1</QtyInPackage>
      <ItemPrice>14.90</ItemPrice>
      <UnitOfMeasurePrice>3.43</UnitOfMeasurePrice>
      <AllowDiscount>1</AllowDiscount>
      <ItemStatus>1</ItemStatus>
    </Item>
    <Item>
      <PriceUpdateDate>2025-03-25 07:07</PriceUpdateDate>
      <ItemCode>8715700419718</ItemCode>
      <ItemType>1</ItemType>
      <ItemName>מתבל היינץ 700 גרם +30% תוספת</ItemName>
      <ManufacturerName>לא ידוע</ManufacturerName>
      <ManufactureCountry>הולנד</ManufactureCountry>
      <ManufacturerItemDescription>קטשופ היינץ 910 גר  </ManufacturerItemDescription>
      <UnitQty>גרמים</UnitQty>
      <Quantity>910.00</Quantity>
      <bIsWeighted>0</bIsWeighted>
      <UnitOfMeasure>100 גרם</UnitOfMeasure>
      <QtyInPackage>1</QtyInPackage>
      <ItemPrice>17.90</ItemPrice>
      <UnitOfMeasurePrice>1.97</UnitOfMeasurePrice>
      <AllowDiscount>1</AllowDiscount>
      <ItemStatus>1</ItemStatus>
    </Item>
    <Item>
      <PriceUpdateDate>2024-04-20 09:06</PriceUpdateDate>
      <ItemCode>8715700419732</ItemCode>
      <ItemType>1</ItemType>
      <ItemName>מתבל היינץ 700 גרם</ItemName>
      <ManufacturerName>לא ידוע</ManufacturerName>
      <ManufactureCountry>הולנד</ManufactureCountry>
      <ManufacturerItemDescription>מתבל עגבניות היינץ  </ManufacturerItemDescription>
      <UnitQty>גרמים</UnitQty>
      <Quantity>700.00</Quantity>
      <bIsWeighted>0</bIsWeighted>
      <UnitOfMeasure>100 גרם</UnitOfMeasure>
      <QtyInPackage>1</QtyInPackage>
      <ItemPrice>16.90</ItemPrice>
      <UnitOfMeasurePrice>2.41</UnitOfMeasurePrice>
      <AllowDiscount>1</AllowDiscount>
      <ItemStatus>1</ItemStatus>
    </Item>
    <Item>
      <PriceUpdateDate>2024-10-09 17:16</PriceUpdateDate>
      <ItemCode>8715700422473</ItemCode>
      <ItemType>1</ItemType>
      <ItemName>מיונז לחיץ היינץ 395 גרם</ItemName>
      <ManufacturerName>לא ידוע</ManufacturerName>
      <ManufactureCountry>לא ידוע</ManufactureCountry>
      <ManufacturerItemDescription>מיונז לחיץ היינץ 395</ManufacturerItemDescription>
      <UnitQty>גרמים</UnitQty>
      <Quantity>395.00</Quantity>
      <bIsWeighted>0</bIsWeighted>
      <UnitOfMeasure>100 גרם</UnitOfMeasure>
      <QtyInPackage>1</QtyInPackage>
      <ItemPrice>19.90</ItemPrice>
      <UnitOfMeasurePrice>5.04</UnitOfMeasurePrice>
      <AllowDiscount>1</AllowDiscount>
      <ItemStatus>1</ItemStatus>
    </Item>
    <Item>
      <PriceUpdateDate>2025-07-10 11:29</PriceUpdateDate>
      <ItemCode>8716605000995</ItemCode>
      <ItemType>1</ItemType>
      <ItemName>גבינה מסדאם הולנדית במשקל</ItemName>
      <ManufacturerName>לא ידוע</ManufacturerName>
      <ManufactureCountry>לא ידוע</ManufactureCountry>
      <ManufacturerItemDescription>גבינה מסדאם הולנדית </ManufacturerItemDescription>
      <UnitQty>Unknown</UnitQty>
      <Quantity>0.00</Quantity>
      <bIsWeighted>1</bIsWeighted>
      <UnitOfMeasure>ק"ג</UnitOfMeasure>
      <QtyInPackage>0</QtyInPackage>
      <ItemPrice>99.00</ItemPrice>
      <UnitOfMeasurePrice>99.00</UnitOfMeasurePrice>
      <AllowDiscount>1</AllowDiscount>
      <ItemStatus>1</ItemStatus>
    </Item>
    <Item>
      <PriceUpdateDate>2025-08-13 14:50</PriceUpdateDate>
      <ItemCode>8716605001022</ItemCode>
      <ItemType>1</ItemType>
      <ItemName>גבינת דניש בלו 100 גר</ItemName>
      <ManufacturerName>לא ידוע</ManufacturerName>
      <ManufactureCountry>לא ידוע</ManufactureCountry>
      <ManufacturerItemDescription>גבינת דניש בלו 100 ג</ManufacturerItemDescription>
      <UnitQty>גרמים</UnitQty>
      <Quantity>100.00</Quantity>
      <bIsWeighted>0</bIsWeighted>
      <UnitOfMeasure>100 גרם</UnitOfMeasure>
      <QtyInPackage>1</QtyInPackage>
      <ItemPrice>19.90</ItemPrice>
      <UnitOfMeasurePrice>19.90</UnitOfMeasurePrice>
      <AllowDiscount>1</AllowDiscount>
      <ItemStatus>1</ItemStatus>
    </Item>
    <Item>
      <PriceUpdateDate>2025-07-10 11:37</PriceUpdateDate>
      <ItemCode>8716605006454</ItemCode>
      <ItemType>1</ItemType>
      <ItemName>צדר אדום אירי במשקל</ItemName>
      <ManufacturerName>לא ידוע</ManufacturerName>
      <ManufactureCountry>IE</ManufactureCountry>
      <ManufacturerItemDescription>צדר אדום אירי במשקל </ManufacturerItemDescription>
      <UnitQty>Unknown</UnitQty>
      <Quantity>0.00</Quantity>
      <bIsWeighted>1</bIsWeighted>
      <UnitOfMeasure>ק"ג</UnitOfMeasure>
      <QtyInPackage>0</QtyInPackage>
      <ItemPrice>129.00</ItemPrice>
      <UnitOfMeasurePrice>129.00</UnitOfMeasurePrice>
      <AllowDiscount>1</AllowDiscount>
      <ItemStatus>1</ItemStatus>
    </Item>
    <Item>
      <PriceUpdateDate>2024-09-11 09:39</PriceUpdateDate>
      <ItemCode>8718114734484</ItemCode>
      <ItemType>1</ItemType>
      <ItemName>מיונז מייל 320 גרם</ItemName>
      <ManufacturerName>לא ידוע</ManufacturerName>
      <ManufactureCountry>לא ידוע</ManufactureCountry>
      <ManufacturerItemDescription>מיונז מייל 320 גרם  </ManufacturerItemDescription>
      <UnitQty>גרמים</UnitQty>
      <Quantity>320.00</Quantity>
      <bIsWeighted>0</bIsWeighted>
      <UnitOfMeasure>100 גרם</UnitOfMeasure>
      <QtyInPackage>1</QtyInPackage>
      <ItemPrice>19.90</ItemPrice>
      <UnitOfMeasurePrice>6.22</UnitOfMeasurePrice>
      <AllowDiscount>1</AllowDiscount>
      <ItemStatus>1</ItemStatus>
    </Item>
    <Item>
      <PriceUpdateDate>2025-12-28 12:37</PriceUpdateDate>
      <ItemCode>8718879000145</ItemCode>
      <ItemType>1</ItemType>
      <ItemName>ענבים שחורים כ 500 גר</ItemName>
      <ManufacturerName>לא ידוע</ManufacturerName>
      <ManufactureCountry>לא ידוע</ManufactureCountry>
      <ManufacturerItemDescription>ענבים שחורים כ 500 ג</ManufacturerItemDescription>
      <UnitQty>יחידה</UnitQty>
      <Quantity>1.00</Quantity>
      <bIsWeighted>0</bIsWeighted>
      <UnitOfMeasure>יחידה</UnitOfMeasure>
      <QtyInPackage>0</QtyInPackage>
      <ItemPrice>21.90</ItemPrice>
      <UnitOfMeasurePrice>21.90</UnitOfMeasurePrice>
      <AllowDiscount>1</AllowDiscount>
      <ItemStatus>1</ItemStatus>
    </Item>
    <Item>
      <PriceUpdateDate>2025-01-17 23:00</PriceUpdateDate>
      <ItemCode>8718951543874</ItemCode>
      <ItemType>1</ItemType>
      <ItemName>פלמוליב נטורלס חלב 750 מ"ל</ItemName>
      <ManufacturerName>לא ידוע</ManufacturerName>
      <ManufactureCountry>טורקיה</ManufactureCountry>
      <ManufacturerItemDescription>פלמוליב נטורלס חלב 7</ManufacturerItemDescription>
      <UnitQty>מיליליטרים</UnitQty>
      <Quantity>750.00</Quantity>
      <bIsWeighted>0</bIsWeighted>
      <UnitOfMeasure>100 מ"ל</UnitOfMeasure>
      <QtyInPackage>1</QtyInPackage>
      <ItemPrice>25.90</ItemPrice>
      <UnitOfMeasurePrice>3.45</UnitOfMeasurePrice>
      <AllowDiscount>1</AllowDiscount>
      <ItemStatus>1</ItemStatus>
    </Item>
    <Item>
      <PriceUpdateDate>2024-01-10 14:49</PriceUpdateDate>
      <ItemCode>8718951626164</ItemCode>
      <ItemType>1</ItemType>
      <ItemName>קולגייט משחה מקס פרש כחול 125 מל</ItemName>
      <ManufacturerName>לא ידוע</ManufacturerName>
      <ManufactureCountry>פולין</ManufactureCountry>
      <ManufacturerItemDescription>קולגייט משחה מקס פרש</ManufacturerItemDescription>
      <UnitQty>מיליליטרים</UnitQty>
      <Quantity>125.00</Quantity>
      <bIsWeighted>0</bIsWeighted>
      <UnitOfMeasure>100 מ"ל</UnitOfMeasure>
      <QtyInPackage>1</QtyInPackage>
      <ItemPrice>22.90</ItemPrice>
      <UnitOfMeasurePrice>18.32</UnitOfMeasurePrice>
      <AllowDiscount>1</AllowDiscount>
      <ItemStatus>1</ItemStatus>
    </Item>
    <Item>
      <PriceUpdateDate>2025-01-30 07:57</PriceUpdateDate>
      <ItemCode>8718951646407</ItemCode>
      <ItemType>1</ItemType>
      <ItemName>פלמוליב ארומה סנסיישן להרגשה טובה 750 מל</ItemName>
      <ManufacturerName>לא ידוע</ManufacturerName>
      <ManufactureCountry>לא ידוע</ManufactureCountry>
      <ManufacturerItemDescription>פלמוליב ארומה סנסייש</ManufacturerItemDescription>
      <UnitQty>מיליליטרים</UnitQty>
      <Quantity>750.00</Quantity>
      <bIsWeighted>0</bIsWeighted>
      <UnitOfMeasure>100 מ"ל</UnitOfMeasure>
      <QtyInPackage>1</QtyInPackage>
      <ItemPrice>25.90</ItemPrice>
      <UnitOfMeasurePrice>3.45</UnitOfMeasurePrice>
      <AllowDiscount>1</AllowDiscount>
      <ItemStatus>1</ItemStatus>
    </Item>
    <Item>
      <PriceUpdateDate>2025-01-30 07:57</PriceUpdateDate>
      <ItemCode>8718951649460</ItemCode>
      <ItemType>1</ItemType>
      <ItemName>פלמוליב נטורלס תחליב רחצה פטל 750מל</ItemName>
      <ManufacturerName>לא ידוע</ManufacturerName>
      <ManufactureCountry />
      <ManufacturerItemDescription>פלמוליב נטורלס תחליב</ManufacturerItemDescription>
      <UnitQty>מיליליטרים</UnitQty>
      <Quantity>750.00</Quantity>
      <bIsWeighted>0</bIsWeighted>
      <UnitOfMeasure>100 מ"ל</UnitOfMeasure>
      <QtyInPackage>1</QtyInPackage>
      <ItemPrice>25.90</ItemPrice>
      <UnitOfMeasurePrice>3.45</UnitOfMeasurePrice>
      <AllowDiscount>1</AllowDiscount>
      <ItemStatus>1</ItemStatus>
    </Item>
    <Item>
      <PriceUpdateDate>2023-08-20 11:18</PriceUpdateDate>
      <ItemCode>8720100012445</ItemCode>
      <ItemType>1</ItemType>
      <ItemName>וופל טוסט בלגי 6 יח 250 גרם בקרסלנד</ItemName>
      <ManufacturerName>לא ידוע</ManufacturerName>
      <ManufactureCountry>לא ידוע</ManufactureCountry>
      <ManufacturerItemDescription>וופל טוסט בלגי 6 יח </ManufacturerItemDescription>
      <UnitQty>גרמים</UnitQty>
      <Quantity>250.00</Quantity>
      <bIsWeighted>0</bIsWeighted>
      <UnitOfMeasure>100 גרם</UnitOfMeasure>
      <QtyInPackage>1</QtyInPackage>
      <ItemPrice>16.50</ItemPrice>
      <UnitOfMeasurePrice>6.60</UnitOfMeasurePrice>
      <AllowDiscount>1</AllowDiscount>
      <ItemStatus>1</ItemStatus>
    </Item>
    <Item>
      <PriceUpdateDate>2025-08-13 14:50</PriceUpdateDate>
      <ItemCode>8720168945136</ItemCode>
      <ItemType>1</ItemType>
      <ItemName>גאודה Farmers Cheese 200 גרם</ItemName>
      <ManufacturerName>לא ידוע</ManufacturerName>
      <ManufactureCountry>הולנד</ManufactureCountry>
      <ManufacturerItemDescription>גאודה Farmers Cheese</ManufacturerItemDescription>
      <UnitQty>גרמים</UnitQty>
      <Quantity>200.00</Quantity>
      <bIsWeighted>0</bIsWeighted>
      <UnitOfMeasure>100 גרם</UnitOfMeasure>
      <QtyInPackage>1</QtyInPackage>
      <ItemPrice>33.50</ItemPrice>
      <UnitOfMeasurePrice>16.75</UnitOfMeasurePrice>
      <AllowDiscount>1</AllowDiscount>
      <ItemStatus>1</ItemStatus>
    </Item>
    <Item>
      <PriceUpdateDate>2025-08-13 14:51</PriceUpdateDate>
      <ItemCode>8720168945150</ItemCode>
      <ItemType>1</ItemType>
      <ItemName>גאודה עיזים Farmers Cheese 200 גרם</ItemName>
      <ManufacturerName>לא ידוע</ManufacturerName>
      <ManufactureCountry>הולנד</ManufactureCountry>
      <ManufacturerItemDescription>גאודה עיזים 200 גרם </ManufacturerItemDescription>
      <UnitQty>גרמים</UnitQty>
      <Quantity>200.00</Quantity>
      <bIsWeighted>0</bIsWeighted>
      <UnitOfMeasure>100 גרם</UnitOfMeasure>
      <QtyInPackage>1</QtyInPackage>
      <ItemPrice>46.90</ItemPrice>
      <UnitOfMeasurePrice>23.45</UnitOfMeasurePrice>
      <AllowDiscount>1</AllowDiscount>
      <ItemStatus>1</ItemStatus>
    </Item>
    <Item>
      <PriceUpdateDate>2025-08-13 14:50</PriceUpdateDate>
      <ItemCode>8720168945174</ItemCode>
      <ItemType>1</ItemType>
      <ItemName>גאודה פסטו ירוק בזיל שום Farmers Cheese</ItemName>
      <ManufacturerName>לא ידוע</ManufacturerName>
      <ManufactureCountry>הולנד</ManufactureCountry>
      <ManufacturerItemDescription>גאודה פסטו ירוק בזיל</ManufacturerItemDescription>
      <UnitQty>גרמים</UnitQty>
      <Quantity>200.00</Quantity>
      <bIsWeighted>0</bIsWeighted>
      <UnitOfMeasure>100 גרם</UnitOfMeasure>
      <QtyInPackage>1</QtyInPackage>
      <ItemPrice>44.90</ItemPrice>
      <UnitOfMeasurePrice>22.45</UnitOfMeasurePrice>
      <AllowDiscount>1</AllowDiscount>
      <ItemStatus>1</ItemStatus>
    </Item>
    <Item>
      <PriceUpdateDate>2025-08-13 14:50</PriceUpdateDate>
      <ItemCode>8720168945198</ItemCode>
      <ItemType>1</ItemType>
      <ItemName>גאודה שום Farmers Cheese 200 גרם</ItemName>
      <ManufacturerName>לא ידוע</ManufacturerName>
      <ManufactureCountry>הולנד</ManufactureCountry>
      <ManufacturerItemDescription>גאודה שום Farmers Ch</ManufacturerItemDescription>
      <UnitQty>גרמים</UnitQty>
      <Quantity>200.00</Quantity>
      <bIsWeighted>0</bIsWeighted>
      <UnitOfMeasure>100 גרם</UnitOfMeasure>
      <QtyInPackage>1</QtyInPackage>
      <ItemPrice>39.90</ItemPrice>
      <UnitOfMeasurePrice>19.95</UnitOfMeasurePrice>
      <AllowDiscount>1</AllowDiscount>
      <ItemStatus>1</ItemStatus>
    </Item>
    <Item>
      <PriceUpdateDate>2025-08-13 14:51</PriceUpdateDate>
      <ItemCode>8720168945211</ItemCode>
      <ItemType>1</ItemType>
      <ItemName>גאודה בתיבול איטלקי Farmers Cheese 200 ג</ItemName>
      <ManufacturerName>לא ידוע</ManufacturerName>
      <ManufactureCountry>הולנד</ManufactureCountry>
      <ManufacturerItemDescription>גאודה בתיבול איטלקי </ManufacturerItemDescription>
      <UnitQty>גרמים</UnitQty>
      <Quantity>200.00</Quantity>
      <bIsWeighted>0</bIsWeighted>
      <UnitOfMeasure>100 גרם</UnitOfMeasure>
      <QtyInPackage>1</QtyInPackage>
      <ItemPrice>39.90</ItemPrice>
      <UnitOfMeasurePrice>19.95</UnitOfMeasurePrice>
      <AllowDiscount>1</AllowDiscount>
      <ItemStatus>1</ItemStatus>
    </Item>
    <Item>
      <PriceUpdateDate>2025-09-16 12:36</PriceUpdateDate>
      <ItemCode>8720182556738</ItemCode>
      <ItemType>1</ItemType>
      <ItemName>חרדל דיגון 360 גרם</ItemName>
      <ManufacturerName>לא ידוע</ManufacturerName>
      <ManufactureCountry>צרפת</ManufactureCountry>
      <ManufacturerItemDescription>חרדל דיגון 360 גרם  </ManufacturerItemDescription>
      <UnitQty>גרמים</UnitQty>
      <Quantity>360.00</Quantity>
      <bIsWeighted>0</bIsWeighted>
      <UnitOfMeasure>100 גרם</UnitOfMeasure>
      <QtyInPackage>1</QtyInPackage>
      <ItemPrice>24.90</ItemPrice>
      <UnitOfMeasurePrice>6.92</UnitOfMeasurePrice>
      <AllowDiscount>1</AllowDiscount>
      <ItemStatus>1</ItemStatus>
    </Item>
    <Item>
      <PriceUpdateDate>2024-07-17 08:33</PriceUpdateDate>
      <ItemCode>8720608014958</ItemCode>
      <ItemType>1</ItemType>
      <ItemName>תה שחור ליפטון ילו לייבל 100 שק 150 ג</ItemName>
      <ManufacturerName>לא ידוע</ManufacturerName>
      <ManufactureCountry>לא ידוע</ManufactureCountry>
      <ManufacturerItemDescription>תה שחור ליפטון ילו ל</ManufacturerItemDescription>
      <UnitQty>גרמים</UnitQty>
      <Quantity>150.00</Quantity>
      <bIsWeighted>0</bIsWeighted>
      <UnitOfMeasure>100 גרם</UnitOfMeasure>
      <QtyInPackage>1</QtyInPackage>
      <ItemPrice>19.90</ItemPrice>
      <UnitOfMeasurePrice>13.27</UnitOfMeasurePrice>
      <AllowDiscount>1</AllowDiscount>
      <ItemStatus>1</ItemStatus>
    </Item>
    <Item>
      <PriceUpdateDate>2025-10-06 08:06</PriceUpdateDate>
      <ItemCode>8720701141308</ItemCode>
      <ItemType>1</ItemType>
      <ItemName>שוקולד חלב מעולה 180 גרם</ItemName>
      <ManufacturerName>לא ידוע</ManufacturerName>
      <ManufactureCountry>הולנד</ManufactureCountry>
      <ManufacturerItemDescription>שוקולד חלב מעולה 180</ManufacturerItemDescription>
      <UnitQty>גרמים</UnitQty>
      <Quantity>180.00</Quantity>
      <bIsWeighted>0</bIsWeighted>
      <UnitOfMeasure>100 גרם</UnitOfMeasure>
      <QtyInPackage>1</QtyInPackage>
      <ItemPrice>23.90</ItemPrice>
      <UnitOfMeasurePrice>13.28</UnitOfMeasurePrice>
      <AllowDiscount>1</AllowDiscount>
      <ItemStatus>1</ItemStatus>
    </Item>
    <Item>
      <PriceUpdateDate>2025-10-03 12:37</PriceUpdateDate>
      <ItemCode>8720701141384</ItemCode>
      <ItemType>1</ItemType>
      <ItemName>שוקולד מריר 70% 180 גרם</ItemName>
      <ManufacturerName>לא ידוע</ManufacturerName>
      <ManufactureCountry>הולנד</ManufactureCountry>
      <ManufacturerItemDescription>שוקולד מריר 70% 180 </ManufacturerItemDescription>
      <UnitQty>גרמים</UnitQty>
      <Quantity>180.00</Quantity>
      <bIsWeighted>0</bIsWeighted>
      <UnitOfMeasure>100 גרם</UnitOfMeasure>
      <QtyInPackage>1</QtyInPackage>
      <ItemPrice>23.90</ItemPrice>
      <UnitOfMeasurePrice>13.28</UnitOfMeasurePrice>
      <AllowDiscount>1</AllowDiscount>
      <ItemStatus>1</ItemStatus>
    </Item>
    <Item>
      <PriceUpdateDate>2025-10-03 12:37</PriceUpdateDate>
      <ItemCode>8720701141407</ItemCode>
      <ItemType>1</ItemType>
      <ItemName>שוקולד מריר עם שקדים ומלח 180 גרם</ItemName>
      <ManufacturerName>לא ידוע</ManufacturerName>
      <ManufactureCountry>הולנד</ManufactureCountry>
      <ManufacturerItemDescription>שוקולד מריר עם שקדים</ManufacturerItemDescription>
      <UnitQty>גרמים</UnitQty>
      <Quantity>180.00</Quantity>
      <bIsWeighted>0</bIsWeighted>
      <UnitOfMeasure>100 גרם</UnitOfMeasure>
      <QtyInPackage>1</QtyInPackage>
      <ItemPrice>23.90</ItemPrice>
      <UnitOfMeasurePrice>13.28</UnitOfMeasurePrice>
      <AllowDiscount>1</AllowDiscount>
      <ItemStatus>1</ItemStatus>
    </Item>
    <Item>
      <PriceUpdateDate>2025-01-30 07:57</PriceUpdateDate>
      <ItemCode>8721200060107</ItemCode>
      <ItemType>1</ItemType>
      <ItemName>סטרופ וופל 250 גר בקרסלנד</ItemName>
      <ManufacturerName>לא ידוע</ManufacturerName>
      <ManufactureCountry>לא ידוע</ManufactureCountry>
      <ManufacturerItemDescription>סטרופ וופל 250 גרם  </ManufacturerItemDescription>
      <UnitQty>גרמים</UnitQty>
      <Quantity>250.00</Quantity>
      <bIsWeighted>0</bIsWeighted>
      <UnitOfMeasure>100 גרם</UnitOfMeasure>
      <QtyInPackage>1</QtyInPackage>
      <ItemPrice>16.50</ItemPrice>
      <UnitOfMeasurePrice>6.60</UnitOfMeasurePrice>
      <AllowDiscount>1</AllowDiscount>
      <ItemStatus>1</ItemStatus>
    </Item>
    <Item>
      <PriceUpdateDate>2024-11-18 15:51</PriceUpdateDate>
      <ItemCode>8722100023377</ItemCode>
      <ItemType>1</ItemType>
      <ItemName>מיונז הולנדי גאודס 850 גר</ItemName>
      <ManufacturerName>לא ידוע</ManufacturerName>
      <ManufactureCountry />
      <ManufacturerItemDescription>מיונז הולנדי גאודס 8</ManufacturerItemDescription>
      <UnitQty>גרמים</UnitQty>
      <Quantity>850.00</Quantity>
      <bIsWeighted>0</bIsWeighted>
      <UnitOfMeasure>100 גרם</UnitOfMeasure>
      <QtyInPackage>1</QtyInPackage>
      <ItemPrice>42.90</ItemPrice>
      <UnitOfMeasurePrice>5.05</UnitOfMeasurePrice>
      <AllowDiscount>1</AllowDiscount>
      <ItemStatus>1</ItemStatus>
    </Item>
    <Item>
      <PriceUpdateDate>2025-12-21 09:00</PriceUpdateDate>
      <ItemCode>8776127</ItemCode>
      <ItemType>1</ItemType>
      <ItemName>אוסובוקו עגל טרי</ItemName>
      <ManufacturerName>לא ידוע</ManufacturerName>
      <ManufactureCountry />
      <ManufacturerItemDescription>אוסובוקו עגל טרי    </ManufacturerItemDescription>
      <UnitQty>Unknown</UnitQty>
      <Quantity>0.00</Quantity>
      <bIsWeighted>1</bIsWeighted>
      <UnitOfMeasure>ק"ג</UnitOfMeasure>
      <QtyInPackage>0</QtyInPackage>
      <ItemPrice>74.90</ItemPrice>
      <UnitOfMeasurePrice>74.90</UnitOfMeasurePrice>
      <AllowDiscount>1</AllowDiscount>
      <ItemStatus>1</ItemStatus>
    </Item>
    <Item>
      <PriceUpdateDate>2025-12-21 09:00</PriceUpdateDate>
      <ItemCode>8776837</ItemCode>
      <ItemType>1</ItemType>
      <ItemName>שייטל טרי לרוסטביף</ItemName>
      <ManufacturerName>לא ידוע</ManufacturerName>
      <ManufactureCountry />
      <ManufacturerItemDescription>שייטל טרי לרוסטביף  </ManufacturerItemDescription>
      <UnitQty>Unknown</UnitQty>
      <Quantity>0.00</Quantity>
      <bIsWeighted>1</bIsWeighted>
      <UnitOfMeasure>ק"ג</UnitOfMeasure>
      <QtyInPackage>0</QtyInPackage>
      <ItemPrice>129.90</ItemPrice>
      <UnitOfMeasurePrice>129.90</UnitOfMeasurePrice>
      <AllowDiscount>1</AllowDiscount>
      <ItemStatus>1</ItemStatus>
    </Item>
    <Item>
      <PriceUpdateDate>2025-12-21 09:01</PriceUpdateDate>
      <ItemCode>8776844</ItemCode>
      <ItemType>1</ItemType>
      <ItemName>קוביות שייטל טרי לשיפודים</ItemName>
      <ManufacturerName>לא ידוע</ManufacturerName>
      <ManufactureCountry />
      <ManufacturerItemDescription>קוביות שייטל טרי    </ManufacturerItemDescription>
      <UnitQty>Unknown</UnitQty>
      <Quantity>0.00</Quantity>
      <bIsWeighted>1</bIsWeighted>
      <UnitOfMeasure>ק"ג</UnitOfMeasure>
      <QtyInPackage>0</QtyInPackage>
      <ItemPrice>119.90</ItemPrice>
      <UnitOfMeasurePrice>119.90</UnitOfMeasurePrice>
      <AllowDiscount>1</AllowDiscount>
      <ItemStatus>1</ItemStatus>
    </Item>
    <Item>
      <PriceUpdateDate>2024-12-01 09:01</PriceUpdateDate>
      <ItemCode>8801043053167</ItemCode>
      <ItemType>1</ItemType>
      <ItemName>נונגשים ראמאן-נודלס שין חריף מאוד 120 גר</ItemName>
      <ManufacturerName>לא ידוע</ManufacturerName>
      <ManufactureCountry />
      <ManufacturerItemDescription>נונגשים ראמאן-נודלס </ManufacturerItemDescription>
      <UnitQty>גרמים</UnitQty>
      <Quantity>120.00</Quantity>
      <bIsWeighted>0</bIsWeighted>
      <UnitOfMeasure>100 גרם</UnitOfMeasure>
      <QtyInPackage>1</QtyInPackage>
      <ItemPrice>15.50</ItemPrice>
      <UnitOfMeasurePrice>12.92</UnitOfMeasurePrice>
      <AllowDiscount>1</AllowDiscount>
      <ItemStatus>1</ItemStatus>
    </Item>
    <Item>
      <PriceUpdateDate>2024-11-18 15:48</PriceUpdateDate>
      <ItemCode>8801043055604</ItemCode>
      <ItemType>1</ItemType>
      <ItemName>נונגשים ראמאן-נודלס חריף בקערה כחול 100ג</ItemName>
      <ManufacturerName>לא ידוע</ManufacturerName>
      <ManufactureCountry>קוריאה</ManufactureCountry>
      <ManufacturerItemDescription>נונגשים ראמאן-נודלס </ManufacturerItemDescription>
      <UnitQty>גרמים</UnitQty>
      <Quantity>100.00</Quantity>
      <bIsWeighted>0</bIsWeighted>
      <UnitOfMeasure>100 גרם</UnitOfMeasure>
      <QtyInPackage>1</QtyInPackage>
      <ItemPrice>22.90</ItemPrice>
      <UnitOfMeasurePrice>22.90</UnitOfMeasurePrice>
      <AllowDiscount>1</AllowDiscount>
      <ItemStatus>1</ItemStatus>
    </Item>
    <Item>
      <PriceUpdateDate>2024-12-01 09:01</PriceUpdateDate>
      <ItemCode>8801043055628</ItemCode>
      <ItemType>1</ItemType>
      <ItemName>נונגשים ראמאן-נודלס  קימצי בקערה 100 ג</ItemName>
      <ManufacturerName>לא ידוע</ManufacturerName>
      <ManufactureCountry>קוריאה</ManufactureCountry>
      <ManufacturerItemDescription>נונגשים ראמאן-נודלס </ManufacturerItemDescription>
      <UnitQty>גרמים</UnitQty>
      <Quantity>100.00</Quantity>
      <bIsWeighted>0</bIsWeighted>
      <UnitOfMeasure>100 גרם</UnitOfMeasure>
      <QtyInPackage>1</QtyInPackage>
      <ItemPrice>20.90</ItemPrice>
      <UnitOfMeasurePrice>20.90</UnitOfMeasurePrice>
      <AllowDiscount>1</AllowDiscount>
      <ItemStatus>1</ItemStatus>
    </Item>
    <Item>
      <PriceUpdateDate>2024-11-25 13:33</PriceUpdateDate>
      <ItemCode>8801043068741</ItemCode>
      <ItemType>1</ItemType>
      <ItemName>נונגשים ראמאן-נודלס גבינה ועוף חריף 136ג</ItemName>
      <ManufacturerName>לא ידוע</ManufacturerName>
      <ManufactureCountry>קוריאה</ManufactureCountry>
      <ManufacturerItemDescription>נונגשים ראמאן-נודלס </ManufacturerItemDescription>
      <UnitQty>גרמים</UnitQty>
      <Quantity>136.00</Quantity>
      <bIsWeighted>0</bIsWeighted>
      <UnitOfMeasure>100 גרם</UnitOfMeasure>
      <QtyInPackage>1</QtyInPackage>
      <ItemPrice>17.50</ItemPrice>
      <UnitOfMeasurePrice>12.87</UnitOfMeasurePrice>
      <AllowDiscount>1</AllowDiscount>
      <ItemStatus>1</ItemStatus>
    </Item>
    <Item>
      <PriceUpdateDate>2024-11-25 13:34</PriceUpdateDate>
      <ItemCode>8801043069588</ItemCode>
      <ItemType>1</ItemType>
      <ItemName>נונגשים ראמאן-נודלס בטעם עוף חריף 120ג</ItemName>
      <ManufacturerName>לא ידוע</ManufacturerName>
      <ManufactureCountry>קוריאה</ManufactureCountry>
      <ManufacturerItemDescription>נונגשים ראמאן-נודלס </ManufacturerItemDescription>
      <UnitQty>גרמים</UnitQty>
      <Quantity>120.00</Quantity>
      <bIsWeighted>0</bIsWeighted>
      <UnitOfMeasure>100 גרם</UnitOfMeasure>
      <QtyInPackage>1</QtyInPackage>
      <ItemPrice>17.50</ItemPrice>
      <UnitOfMeasurePrice>14.58</UnitOfMeasurePrice>
      <AllowDiscount>1</AllowDiscount>
      <ItemStatus>1</ItemStatus>
    </Item>
    <Item>
      <PriceUpdateDate>2024-12-01 09:01</PriceUpdateDate>
      <ItemCode>8801043150620</ItemCode>
      <ItemType>1</ItemType>
      <ItemName>נונגשים ראמאן-נודלס שין חריף שקית 120 ג</ItemName>
      <ManufacturerName>לא ידוע</ManufacturerName>
      <ManufactureCountry>קוריאה</ManufactureCountry>
      <ManufacturerItemDescription>נונגשים ראמאן-נודלס </ManufacturerItemDescription>
      <UnitQty>גרמים</UnitQty>
      <Quantity>120.00</Quantity>
      <bIsWeighted>0</bIsWeighted>
      <UnitOfMeasure>100 גרם</UnitOfMeasure>
      <QtyInPackage>1</QtyInPackage>
      <ItemPrice>14.50</ItemPrice>
      <UnitOfMeasurePrice>12.08</UnitOfMeasurePrice>
      <AllowDiscount>1</AllowDiscount>
      <ItemStatus>1</ItemStatus>
    </Item>
    <Item>
      <PriceUpdateDate>2025-01-05 19:47</PriceUpdateDate>
      <ItemCode>8801055709458</ItemCode>
      <ItemType>1</ItemType>
      <ItemName>נסקפה קפוצינו קרמל  10*17גרם</ItemName>
      <ManufacturerName>לא ידוע</ManufacturerName>
      <ManufactureCountry>לא ידוע</ManufactureCountry>
      <ManufacturerItemDescription>נסקפה קפוצינו קרמל  </ManufacturerItemDescription>
      <UnitQty>גרמים</UnitQty>
      <Quantity>170.00</Quantity>
      <bIsWeighted>0</bIsWeighted>
      <UnitOfMeasure>100 גרם</UnitOfMeasure>
      <QtyInPackage>1</QtyInPackage>
      <ItemPrice>27.90</ItemPrice>
      <UnitOfMeasurePrice>16.41</UnitOfMeasurePrice>
      <AllowDiscount>1</AllowDiscount>
      <ItemStatus>1</ItemStatus>
    </Item>
    <Item>
      <PriceUpdateDate>2025-01-05 19:46</PriceUpdateDate>
      <ItemCode>8801055709472</ItemCode>
      <ItemType>1</ItemType>
      <ItemName>נסקפה קפוצינו קלאסי  10*12.5 גר</ItemName>
      <ManufacturerName>לא ידוע</ManufacturerName>
      <ManufactureCountry>לא ידוע</ManufactureCountry>
      <ManufacturerItemDescription>נסקפה קפוצינו קלאסי </ManufacturerItemDescription>
      <UnitQty>גרמים</UnitQty>
      <Quantity>125.00</Quantity>
      <bIsWeighted>0</bIsWeighted>
      <UnitOfMeasure>100 גרם</UnitOfMeasure>
      <QtyInPackage>1</QtyInPackage>
      <ItemPrice>27.90</ItemPrice>
      <UnitOfMeasurePrice>22.32</UnitOfMeasurePrice>
      <AllowDiscount>1</AllowDiscount>
      <ItemStatus>1</ItemStatus>
    </Item>
    <Item>
      <PriceUpdateDate>2025-06-06 05:57</PriceUpdateDate>
      <ItemCode>8801055723607</ItemCode>
      <ItemType>1</ItemType>
      <ItemName>נסקפה טייסטרס צויס 50 גר</ItemName>
      <ManufacturerName>לא ידוע</ManufacturerName>
      <ManufactureCountry>קוריאה</ManufactureCountry>
      <ManufacturerItemDescription>נסקפה טייסטרס צויס 5</ManufacturerItemDescription>
      <UnitQty>גרמים</UnitQty>
      <Quantity>50.00</Quantity>
      <bIsWeighted>0</bIsWeighted>
      <UnitOfMeasure>100 גרם</UnitOfMeasure>
      <QtyInPackage>1</QtyInPackage>
      <ItemPrice>18.90</ItemPrice>
      <UnitOfMeasurePrice>37.80</UnitOfMeasurePrice>
      <AllowDiscount>1</AllowDiscount>
      <ItemStatus>1</ItemStatus>
    </Item>
    <Item>
      <PriceUpdateDate>2025-03-25 06:57</PriceUpdateDate>
      <ItemCode>8801085020301</ItemCode>
      <ItemType>1</ItemType>
      <ItemName>אטריות נאמה אודון 200 גרם</ItemName>
      <ManufacturerName>לא ידוע</ManufacturerName>
      <ManufactureCountry>לא ידוע</ManufactureCountry>
      <ManufacturerItemDescription>אטריות נאמה אודון 20</ManufacturerItemDescription>
      <UnitQty>גרמים</UnitQty>
      <Quantity>200.00</Quantity>
      <bIsWeighted>0</bIsWeighted>
      <UnitOfMeasure>100 גרם</UnitOfMeasure>
      <QtyInPackage>1</QtyInPackage>
      <ItemPrice>9.10</ItemPrice>
      <UnitOfMeasurePrice>4.55</UnitOfMeasurePrice>
      <AllowDiscount>1</AllowDiscount>
      <ItemStatus>1</ItemStatus>
    </Item>
    <Item>
      <PriceUpdateDate>2025-09-05 09:13</PriceUpdateDate>
      <ItemCode>8809168840471</ItemCode>
      <ItemType>1</ItemType>
      <ItemName>חטיף אצות מיובשות 9*4.5 גרם</ItemName>
      <ManufacturerName>לא ידוע</ManufacturerName>
      <ManufactureCountry />
      <ManufacturerItemDescription>חטיף אצות מיובשות 9*</ManufacturerItemDescription>
      <UnitQty>גרמים</UnitQty>
      <Quantity>40.00</Quantity>
      <bIsWeighted>0</bIsWeighted>
      <UnitOfMeasure>100 גרם</UnitOfMeasure>
      <QtyInPackage>1</QtyInPackage>
      <ItemPrice>29.90</ItemPrice>
      <UnitOfMeasurePrice>74.75</UnitOfMeasurePrice>
      <AllowDiscount>1</AllowDiscount>
      <ItemStatus>1</ItemStatus>
    </Item>
    <Item>
      <PriceUpdateDate>2025-01-29 07:08</PriceUpdateDate>
      <ItemCode>884912116505</ItemCode>
      <ItemType>1</ItemType>
      <ItemName>דגני סלקט בננה 369 גרם פוסט</ItemName>
      <ManufacturerName>לא ידוע</ManufacturerName>
      <ManufactureCountry>לא ידוע</ManufactureCountry>
      <ManufacturerItemDescription>דגני סלקט בננה 369 ג</ManufacturerItemDescription>
      <UnitQty>גרמים</UnitQty>
      <Quantity>369.00</Quantity>
      <bIsWeighted>0</bIsWeighted>
      <UnitOfMeasure>100 גרם</UnitOfMeasure>
      <QtyInPackage>1</QtyInPackage>
      <ItemPrice>29.90</ItemPrice>
      <UnitOfMeasurePrice>8.10</UnitOfMeasurePrice>
      <AllowDiscount>1</AllowDiscount>
      <ItemStatus>1</ItemStatus>
    </Item>
    <Item>
      <PriceUpdateDate>2025-01-29 07:08</PriceUpdateDate>
      <ItemCode>884912126115</ItemCode>
      <ItemType>1</ItemType>
      <ItemName>דגני סלקט  גרייט גריינס 454 גרם פוסט</ItemName>
      <ManufacturerName>לא ידוע</ManufacturerName>
      <ManufactureCountry>לא ידוע</ManufactureCountry>
      <ManufacturerItemDescription>דגני סלקט  גרייט גרי</ManufacturerItemDescription>
      <UnitQty>גרמים</UnitQty>
      <Quantity>454.00</Quantity>
      <bIsWeighted>0</bIsWeighted>
      <UnitOfMeasure>100 גרם</UnitOfMeasure>
      <QtyInPackage>1</QtyInPackage>
      <ItemPrice>29.90</ItemPrice>
      <UnitOfMeasurePrice>6.59</UnitOfMeasurePrice>
      <AllowDiscount>1</AllowDiscount>
      <ItemStatus>1</ItemStatus>
    </Item>
    <Item>
      <PriceUpdateDate>2025-03-25 07:09</PriceUpdateDate>
      <ItemCode>884912129512</ItemCode>
      <ItemType>1</ItemType>
      <ItemName>דגני בוקר קוקו פבלס פלינסטון 311 גר</ItemName>
      <ManufacturerName>לא ידוע</ManufacturerName>
      <ManufactureCountry>ארה"ב</ManufactureCountry>
      <ManufacturerItemDescription>דגני בוקר קוקו פבלס </ManufacturerItemDescription>
      <UnitQty>גרמים</UnitQty>
      <Quantity>311.00</Quantity>
      <bIsWeighted>0</bIsWeighted>
      <UnitOfMeasure>100 גרם</UnitOfMeasure>
      <QtyInPackage>1</QtyInPackage>
      <ItemPrice>27.90</ItemPrice>
      <UnitOfMeasurePrice>8.97</UnitOfMeasurePrice>
      <AllowDiscount>1</AllowDiscount>
      <ItemStatus>1</ItemStatus>
    </Item>
    <Item>
      <PriceUpdateDate>2025-03-20 12:20</PriceUpdateDate>
      <ItemCode>884912180629</ItemCode>
      <ItemType>1</ItemType>
      <ItemName>דגנים שרדד וויט  464 גרם</ItemName>
      <ManufacturerName>לא ידוע</ManufacturerName>
      <ManufactureCountry>לא ידוע</ManufactureCountry>
      <ManufacturerItemDescription>דגנים שרדד וויט  464</ManufacturerItemDescription>
      <UnitQty>גרמים</UnitQty>
      <Quantity>464.00</Quantity>
      <bIsWeighted>0</bIsWeighted>
      <UnitOfMeasure>100 גרם</UnitOfMeasure>
      <QtyInPackage>1</QtyInPackage>
      <ItemPrice>33.90</ItemPrice>
      <UnitOfMeasurePrice>7.31</UnitOfMeasurePrice>
      <AllowDiscount>1</AllowDiscount>
      <ItemStatus>1</ItemStatus>
    </Item>
    <Item>
      <PriceUpdateDate>2025-01-30 07:58</PriceUpdateDate>
      <ItemCode>884912342737</ItemCode>
      <ItemType>1</ItemType>
      <ItemName>דגני פוסט וואפל קריספ 326 גר</ItemName>
      <ManufacturerName>לא ידוע</ManufacturerName>
      <ManufactureCountry />
      <ManufacturerItemDescription>דגני פוסט וואפל קריס</ManufacturerItemDescription>
      <UnitQty>גרמים</UnitQty>
      <Quantity>326.00</Quantity>
      <bIsWeighted>0</bIsWeighted>
      <UnitOfMeasure>100 גרם</UnitOfMeasure>
      <QtyInPackage>1</QtyInPackage>
      <ItemPrice>25.90</ItemPrice>
      <UnitOfMeasurePrice>7.94</UnitOfMeasurePrice>
      <AllowDiscount>1</AllowDiscount>
      <ItemStatus>1</ItemStatus>
    </Item>
    <Item>
      <PriceUpdateDate>2025-03-25 07:09</PriceUpdateDate>
      <ItemCode>884912359155</ItemCode>
      <ItemType>1</ItemType>
      <ItemName>האני באנצס רוסטד 340 גר</ItemName>
      <ManufacturerName>לא ידוע</ManufacturerName>
      <ManufactureCountry />
      <ManufacturerItemDescription>האני באנצס רוסטד 340</ManufacturerItemDescription>
      <UnitQty>גרמים</UnitQty>
      <Quantity>340.00</Quantity>
      <bIsWeighted>0</bIsWeighted>
      <UnitOfMeasure>100 גרם</UnitOfMeasure>
      <QtyInPackage>1</QtyInPackage>
      <ItemPrice>27.90</ItemPrice>
      <UnitOfMeasurePrice>8.21</UnitOfMeasurePrice>
      <AllowDiscount>1</AllowDiscount>
      <ItemStatus>1</ItemStatus>
    </Item>
    <Item>
      <PriceUpdateDate>2025-08-07 12:49</PriceUpdateDate>
      <ItemCode>8850006536346</ItemCode>
      <ItemType>1</ItemType>
      <ItemName>פלמוליב סבון גוף ארומה לימון 750 מ"ל</ItemName>
      <ManufacturerName>לא ידוע</ManufacturerName>
      <ManufactureCountry>TH</ManufactureCountry>
      <ManufacturerItemDescription>פלמוליב סבון גוף ארו</ManufacturerItemDescription>
      <UnitQty>מיליליטרים</UnitQty>
      <Quantity>750.00</Quantity>
      <bIsWeighted>0</bIsWeighted>
      <UnitOfMeasure>100 מ"ל</UnitOfMeasure>
      <QtyInPackage>1</QtyInPackage>
      <ItemPrice>25.90</ItemPrice>
      <UnitOfMeasurePrice>3.45</UnitOfMeasurePrice>
      <AllowDiscount>1</AllowDiscount>
      <ItemStatus>1</ItemStatus>
    </Item>
    <Item>
      <PriceUpdateDate>2025-08-07 12:49</PriceUpdateDate>
      <ItemCode>8850006955529</ItemCode>
      <ItemType>1</ItemType>
      <ItemName>פלמוליב סבון גוף ארומה מסאז 750 מ"ל</ItemName>
      <ManufacturerName>לא ידוע</ManufacturerName>
      <ManufactureCountry>TH</ManufactureCountry>
      <ManufacturerItemDescription>פלמוליב סבון גוף ארו</ManufacturerItemDescription>
      <UnitQty>מיליליטרים</UnitQty>
      <Quantity>750.00</Quantity>
      <bIsWeighted>0</bIsWeighted>
      <UnitOfMeasure>100 מ"ל</UnitOfMeasure>
      <QtyInPackage>1</QtyInPackage>
      <ItemPrice>25.90</ItemPrice>
      <UnitOfMeasurePrice>3.45</UnitOfMeasurePrice>
      <AllowDiscount>1</AllowDiscount>
      <ItemStatus>1</ItemStatus>
    </Item>
    <Item>
      <PriceUpdateDate>2025-03-11 08:24</PriceUpdateDate>
      <ItemCode>8850058000710</ItemCode>
      <ItemType>1</ItemType>
      <ItemName>מחית צילי בשמן 227 גר</ItemName>
      <ManufacturerName>לא ידוע</ManufacturerName>
      <ManufactureCountry>לא ידוע</ManufactureCountry>
      <ManufacturerItemDescription>מחית צילי בשמן 227 ג</ManufacturerItemDescription>
      <UnitQty>גרמים</UnitQty>
      <Quantity>227.00</Quantity>
      <bIsWeighted>0</bIsWeighted>
      <UnitOfMeasure>100 גרם</UnitOfMeasure>
      <QtyInPackage>1</QtyInPackage>
      <ItemPrice>24.90</ItemPrice>
      <UnitOfMeasurePrice>10.97</UnitOfMeasurePrice>
      <AllowDiscount>1</AllowDiscount>
      <ItemStatus>1</ItemStatus>
    </Item>
    <Item>
      <PriceUpdateDate>2025-03-11 08:22</PriceUpdateDate>
      <ItemCode>8850122201111</ItemCode>
      <ItemType>1</ItemType>
      <ItemName>דפי שעועית 190 ג</ItemName>
      <ManufacturerName>לא ידוע</ManufacturerName>
      <ManufactureCountry>תאילנד</ManufactureCountry>
      <ManufacturerItemDescription>דפי שעועית 190 ג    </ManufacturerItemDescription>
      <UnitQty>גרמים</UnitQty>
      <Quantity>190.00</Quantity>
      <bIsWeighted>0</bIsWeighted>
      <UnitOfMeasure>100 גרם</UnitOfMeasure>
      <QtyInPackage>1</QtyInPackage>
      <ItemPrice>16.50</ItemPrice>
      <UnitOfMeasurePrice>8.68</UnitOfMeasurePrice>
      <AllowDiscount>1</AllowDiscount>
      <ItemStatus>1</ItemStatus>
    </Item>
    <Item>
      <PriceUpdateDate>2024-06-22 20:33</PriceUpdateDate>
      <ItemCode>8850161160851</ItemCode>
      <ItemType>1</ItemType>
      <ItemName>מי קוקוס קוקו מקס 350 מ"ל</ItemName>
      <ManufacturerName>לא ידוע</ManufacturerName>
      <ManufactureCountry>תאילנד</ManufactureCountry>
      <ManufacturerItemDescription>מי קוקוס קוקו מקס 35</ManufacturerItemDescription>
      <UnitQty>מיליליטרים</UnitQty>
      <Quantity>350.00</Quantity>
      <bIsWeighted>0</bIsWeighted>
      <UnitOfMeasure>100 מ"ל</UnitOfMeasure>
      <QtyInPackage>1</QtyInPackage>
      <ItemPrice>10.90</ItemPrice>
      <UnitOfMeasurePrice>3.11</UnitOfMeasurePrice>
      <AllowDiscount>1</AllowDiscount>
      <ItemStatus>1</ItemStatus>
    </Item>
    <Item>
      <PriceUpdateDate>2023-12-13 09:17</PriceUpdateDate>
      <ItemCode>8850161161513</ItemCode>
      <ItemType>1</ItemType>
      <ItemName>קוקו מקס מי קוקוס 1 ליטר קרטונית תריסר</ItemName>
      <ManufacturerName>לא ידוע</ManufacturerName>
      <ManufactureCountry>תאילנד</ManufactureCountry>
      <ManufacturerItemDescription>קוקו מקס מי קוקוס 1 </ManufacturerItemDescription>
      <UnitQty>מיליליטרים</UnitQty>
      <Quantity>1000.00</Quantity>
      <bIsWeighted>0</bIsWeighted>
      <UnitOfMeasure>100 מ"ל</UnitOfMeasure>
      <QtyInPackage>1</QtyInPackage>
      <ItemPrice>19.90</ItemPrice>
      <UnitOfMeasurePrice>1.99</UnitOfMeasurePrice>
      <AllowDiscount>1</AllowDiscount>
      <ItemStatus>1</ItemStatus>
    </Item>
    <Item>
      <PriceUpdateDate>2024-06-22 21:26</PriceUpdateDate>
      <ItemCode>8850161167041</ItemCode>
      <ItemType>1</ItemType>
      <ItemName>קוקו מקס חלב קוקוס 340 מ"ל</ItemName>
      <ManufacturerName>לא ידוע</ManufacturerName>
      <ManufactureCountry>תאילנד</ManufactureCountry>
      <ManufacturerItemDescription>קוקו מקס חלב קוקוס  </ManufacturerItemDescription>
      <UnitQty>מיליליטרים</UnitQty>
      <Quantity>340.00</Quantity>
      <bIsWeighted>0</bIsWeighted>
      <UnitOfMeasure>100 מ"ל</UnitOfMeasure>
      <QtyInPackage>1</QtyInPackage>
      <ItemPrice>10.90</ItemPrice>
      <UnitOfMeasurePrice>3.21</UnitOfMeasurePrice>
      <AllowDiscount>1</AllowDiscount>
      <ItemStatus>1</ItemStatus>
    </Item>
    <Item>
      <PriceUpdateDate>2024-09-04 11:33</PriceUpdateDate>
      <ItemCode>8850367992140</ItemCode>
      <ItemType>1</ItemType>
      <ItemName>משקה קוקוס ציאיאקון בקרטונית 330 מ"ל</ItemName>
      <ManufacturerName>לא ידוע</ManufacturerName>
      <ManufactureCountry>לא ידוע</ManufactureCountry>
      <ManufacturerItemDescription>משקה קוקוס בקרטונית </ManufacturerItemDescription>
      <UnitQty>מיליליטרים</UnitQty>
      <Quantity>330.00</Quantity>
      <bIsWeighted>0</bIsWeighted>
      <UnitOfMeasure>100 מ"ל</UnitOfMeasure>
      <QtyInPackage>1</QtyInPackage>
      <ItemPrice>7.50</ItemPrice>
      <UnitOfMeasurePrice>2.27</UnitOfMeasurePrice>
      <AllowDiscount>1</AllowDiscount>
      <ItemStatus>1</ItemStatus>
    </Item>
    <Item>
      <PriceUpdateDate>2025-01-30 07:57</PriceUpdateDate>
      <ItemCode>8850367992164</ItemCode>
      <ItemType>1</ItemType>
      <ItemName>קרם קוקוס 250 מל 20-22% ללא חומר משמר</ItemName>
      <ManufacturerName>לא ידוע</ManufacturerName>
      <ManufactureCountry>לא ידוע</ManufactureCountry>
      <ManufacturerItemDescription>קרם קוקוס 250 מ"ל 20</ManufacturerItemDescription>
      <UnitQty>גרמים</UnitQty>
      <Quantity>250.00</Quantity>
      <bIsWeighted>0</bIsWeighted>
      <UnitOfMeasure>100 גרם</UnitOfMeasure>
      <QtyInPackage>1</QtyInPackage>
      <ItemPrice>8.90</ItemPrice>
      <UnitOfMeasurePrice>3.56</UnitOfMeasurePrice>
      <AllowDiscount>1</AllowDiscount>
      <ItemStatus>1</ItemStatus>
    </Item>
    <Item>
      <PriceUpdateDate>2025-03-11 08:22</PriceUpdateDate>
      <ItemCode>8850367992171</ItemCode>
      <ItemType>1</ItemType>
      <ItemName>קרם קוקוס 1 ליטר  20-22% ללא חומר משמר</ItemName>
      <ManufacturerName>לא ידוע</ManufacturerName>
      <ManufactureCountry>לא ידוע</ManufactureCountry>
      <ManufacturerItemDescription>קרם קוקוס 1 ליטר    </ManufacturerItemDescription>
      <UnitQty>מיליליטרים</UnitQty>
      <Quantity>1000.00</Quantity>
      <bIsWeighted>0</bIsWeighted>
      <UnitOfMeasure>100 מ"ל</UnitOfMeasure>
      <QtyInPackage>1</QtyInPackage>
      <ItemPrice>30.90</ItemPrice>
      <UnitOfMeasurePrice>3.09</UnitOfMeasurePrice>
      <AllowDiscount>1</AllowDiscount>
      <ItemStatus>1</ItemStatus>
    </Item>
    <Item>
      <PriceUpdateDate>2025-03-25 06:58</PriceUpdateDate>
      <ItemCode>8850367994021</ItemCode>
      <ItemType>1</ItemType>
      <ItemName>רוטב צילי מתוק ללא סוכר לל"ג 280 מ"ל</ItemName>
      <ManufacturerName>לא ידוע</ManufacturerName>
      <ManufactureCountry>לא ידוע</ManufactureCountry>
      <ManufacturerItemDescription>רוטב צילי מתוק ללא ס</ManufacturerItemDescription>
      <UnitQty>מיליליטרים</UnitQty>
      <Quantity>280.00</Quantity>
      <bIsWeighted>0</bIsWeighted>
      <UnitOfMeasure>100 מ"ל</UnitOfMeasure>
      <QtyInPackage>1</QtyInPackage>
      <ItemPrice>17.50</ItemPrice>
      <UnitOfMeasurePrice>6.25</UnitOfMeasurePrice>
      <AllowDiscount>1</AllowDiscount>
      <ItemStatus>1</ItemStatus>
    </Item>
    <Item>
      <PriceUpdateDate>2021-06-21 22:05</PriceUpdateDate>
      <ItemCode>8850367994779</ItemCode>
      <ItemType>1</ItemType>
      <ItemName>מיונז עם בצל מקורמל היינץ 220 גרם</ItemName>
      <ManufacturerName>לא ידוע</ManufacturerName>
      <ManufactureCountry />
      <ManufacturerItemDescription>מחית קארי ירוקה 50 ג</ManufacturerItemDescription>
      <UnitQty>גרמים</UnitQty>
      <Quantity>220.00</Quantity>
      <bIsWeighted>0</bIsWeighted>
      <UnitOfMeasure>100 גרם</UnitOfMeasure>
      <QtyInPackage>1</QtyInPackage>
      <ItemPrice>5.90</ItemPrice>
      <UnitOfMeasurePrice>2.68</UnitOfMeasurePrice>
      <AllowDiscount>1</AllowDiscount>
      <ItemStatus>1</ItemStatus>
    </Item>
    <Item>
      <PriceUpdateDate>2021-06-21 22:05</PriceUpdateDate>
      <ItemCode>8850367994786</ItemCode>
      <ItemType>1</ItemType>
      <ItemName>מחית קארי אדומה 50 גרם</ItemName>
      <ManufacturerName>לא ידוע</ManufacturerName>
      <ManufactureCountry />
      <ManufacturerItemDescription>מחית קארי אדומה 50 ג</ManufacturerItemDescription>
      <UnitQty>גרמים</UnitQty>
      <Quantity>50.00</Quantity>
      <bIsWeighted>0</bIsWeighted>
      <UnitOfMeasure>100 גרם</UnitOfMeasure>
      <QtyInPackage>1</QtyInPackage>
      <ItemPrice>5.90</ItemPrice>
      <UnitOfMeasurePrice>11.80</UnitOfMeasurePrice>
      <AllowDiscount>1</AllowDiscount>
      <ItemStatus>1</ItemStatus>
    </Item>
    <Item>
      <PriceUpdateDate>2021-06-21 22:05</PriceUpdateDate>
      <ItemCode>8850367994793</ItemCode>
      <ItemType>1</ItemType>
      <ItemName>מחית קארי צהובה 50 גרם</ItemName>
      <ManufacturerName>לא ידוע</ManufacturerName>
      <ManufactureCountry />
      <ManufacturerItemDescription>מחית קארי צהובה 50 ג</ManufacturerItemDescription>
      <UnitQty>גרמים</UnitQty>
      <Quantity>50.00</Quantity>
      <bIsWeighted>0</bIsWeighted>
      <UnitOfMeasure>100 גרם</UnitOfMeasure>
      <QtyInPackage>1</QtyInPackage>
      <ItemPrice>5.90</ItemPrice>
      <UnitOfMeasurePrice>11.80</UnitOfMeasurePrice>
      <AllowDiscount>1</AllowDiscount>
      <ItemStatus>1</ItemStatus>
    </Item>
    <Item>
      <PriceUpdateDate>2024-07-07 16:30</PriceUpdateDate>
      <ItemCode>8850389107492</ItemCode>
      <ItemType>1</ItemType>
      <ItemName>מוגו מוגו מנגו עם חתיכות גלי קוקוס 1ל</ItemName>
      <ManufacturerName>לא ידוע</ManufacturerName>
      <ManufactureCountry />
      <ManufacturerItemDescription>מוגו מוגו מנגו עם חת</ManufacturerItemDescription>
      <UnitQty>מיליליטרים</UnitQty>
      <Quantity>1000.00</Quantity>
      <bIsWeighted>0</bIsWeighted>
      <UnitOfMeasure>100 מ"ל</UnitOfMeasure>
      <QtyInPackage>1</QtyInPackage>
      <ItemPrice>15.90</ItemPrice>
      <UnitOfMeasurePrice>1.59</UnitOfMeasurePrice>
      <AllowDiscount>1</AllowDiscount>
      <ItemStatus>1</ItemStatus>
    </Item>
    <Item>
      <PriceUpdateDate>2024-07-17 08:34</PriceUpdateDate>
      <ItemCode>8850389107515</ItemCode>
      <ItemType>1</ItemType>
      <ItemName>מוגו מוגו ליצי עם חתיכות גלי קוקוס 1ל</ItemName>
      <ManufacturerName>לא ידוע</ManufacturerName>
      <ManufactureCountry />
      <ManufacturerItemDescription>מוגו מוגו ליצי עם חת</ManufacturerItemDescription>
      <UnitQty>מיליליטרים</UnitQty>
      <Quantity>1000.00</Quantity>
      <bIsWeighted>0</bIsWeighted>
      <UnitOfMeasure>100 מ"ל</UnitOfMeasure>
      <QtyInPackage>1</QtyInPackage>
      <ItemPrice>15.90</ItemPrice>
      <UnitOfMeasurePrice>1.59</UnitOfMeasurePrice>
      <AllowDiscount>1</AllowDiscount>
      <ItemStatus>1</ItemStatus>
    </Item>
    <Item>
      <PriceUpdateDate>2025-03-11 15:22</PriceUpdateDate>
      <ItemCode>8850632604372</ItemCode>
      <ItemType>1</ItemType>
      <ItemName>שטיח חספוסים יוגטה טעם תות שדה 50 גר</ItemName>
      <ManufacturerName>לא ידוע</ManufacturerName>
      <ManufactureCountry>לא ידוע</ManufactureCountry>
      <ManufacturerItemDescription>שטיח חספוסים יוגטה  </ManufacturerItemDescription>
      <UnitQty>גרמים</UnitQty>
      <Quantity>50.00</Quantity>
      <bIsWeighted>0</bIsWeighted>
      <UnitOfMeasure>100 גרם</UnitOfMeasure>
      <QtyInPackage>1</QtyInPackage>
      <ItemPrice>6.90</ItemPrice>
      <UnitOfMeasurePrice>13.80</UnitOfMeasurePrice>
      <AllowDiscount>1</AllowDiscount>
      <ItemStatus>1</ItemStatus>
    </Item>
    <Item>
      <PriceUpdateDate>2025-03-11 15:22</PriceUpdateDate>
      <ItemCode>8850632604402</ItemCode>
      <ItemType>1</ItemType>
      <ItemName>שטיח חספוסים יוגטה טעם מעורב 50 גר</ItemName>
      <ManufacturerName>לא ידוע</ManufacturerName>
      <ManufactureCountry>לא ידוע</ManufactureCountry>
      <ManufacturerItemDescription>שטיח חספוסים יוגטה  </ManufacturerItemDescription>
      <UnitQty>גרמים</UnitQty>
      <Quantity>50.00</Quantity>
      <bIsWeighted>0</bIsWeighted>
      <UnitOfMeasure>100 גרם</UnitOfMeasure>
      <QtyInPackage>1</QtyInPackage>
      <ItemPrice>6.90</ItemPrice>
      <UnitOfMeasurePrice>13.80</UnitOfMeasurePrice>
      <AllowDiscount>1</AllowDiscount>
      <ItemStatus>1</ItemStatus>
    </Item>
    <Item>
      <PriceUpdateDate>2025-03-11 11:40</PriceUpdateDate>
      <ItemCode>8853662004020</ItemCode>
      <ItemType>1</ItemType>
      <ItemName>רוטב צילי מתוק 725 מ"ל EXOTIC</ItemName>
      <ManufacturerName>לא ידוע</ManufacturerName>
      <ManufactureCountry>לא ידוע</ManufactureCountry>
      <ManufacturerItemDescription>רוטב צילי מתוק 725 מ</ManufacturerItemDescription>
      <UnitQty>מיליליטרים</UnitQty>
      <Quantity>725.00</Quantity>
      <bIsWeighted>0</bIsWeighted>
      <UnitOfMeasure>100 מ"ל</UnitOfMeasure>
      <QtyInPackage>1</QtyInPackage>
      <ItemPrice>23.90</ItemPrice>
      <UnitOfMeasurePrice>3.30</UnitOfMeasurePrice>
      <AllowDiscount>1</AllowDiscount>
      <ItemStatus>1</ItemStatus>
    </Item>
    <Item>
      <PriceUpdateDate>2025-05-22 23:00</PriceUpdateDate>
      <ItemCode>8853662065519</ItemCode>
      <ItemType>1</ItemType>
      <ItemName>מיני מארז סריראצה פליינגוס 100*3 מ"ל</ItemName>
      <ManufacturerName>פליינגוס</ManufacturerName>
      <ManufactureCountry>תאילנד</ManufactureCountry>
      <ManufacturerItemDescription>מיני מארז סריראצה פל</ManufacturerItemDescription>
      <UnitQty>מיליליטרים</UnitQty>
      <Quantity>300.00</Quantity>
      <bIsWeighted>0</bIsWeighted>
      <UnitOfMeasure>100 מ"ל</UnitOfMeasure>
      <QtyInPackage>1</QtyInPackage>
      <ItemPrice>29.90</ItemPrice>
      <UnitOfMeasurePrice>9.97</UnitOfMeasurePrice>
      <AllowDiscount>1</AllowDiscount>
      <ItemStatus>1</ItemStatus>
    </Item>
    <Item>
      <PriceUpdateDate>2025-07-14 11:21</PriceUpdateDate>
      <ItemCode>8854661002055</ItemCode>
      <ItemType>1</ItemType>
      <ItemName>שרימפס 500 גר לא מקולף 31/40</ItemName>
      <ManufacturerName>לא ידוע</ManufacturerName>
      <ManufactureCountry>לא ידוע</ManufactureCountry>
      <ManufacturerItemDescription>שרימפס קפוא לא קלוף </ManufacturerItemDescription>
      <UnitQty>גרמים</UnitQty>
      <Quantity>500.00</Quantity>
      <bIsWeighted>0</bIsWeighted>
      <UnitOfMeasure>100 גרם</UnitOfMeasure>
      <QtyInPackage>1</QtyInPackage>
      <ItemPrice>44.90</ItemPrice>
      <UnitOfMeasurePrice>8.98</UnitOfMeasurePrice>
      <AllowDiscount>1</AllowDiscount>
      <ItemStatus>1</ItemStatus>
    </Item>
    <Item>
      <PriceUpdateDate>2025-07-14 11:21</PriceUpdateDate>
      <ItemCode>8854661002079</ItemCode>
      <ItemType>1</ItemType>
      <ItemName>טבעות קלמרי 500 גר</ItemName>
      <ManufacturerName>לא ידוע</ManufacturerName>
      <ManufactureCountry>ויאטנם</ManufactureCountry>
      <ManufacturerItemDescription>קלמרי טבעות 500 גר  </ManufacturerItemDescription>
      <UnitQty>גרמים</UnitQty>
      <Quantity>500.00</Quantity>
      <bIsWeighted>0</bIsWeighted>
      <UnitOfMeasure>100 גרם</UnitOfMeasure>
      <QtyInPackage>1</QtyInPackage>
      <ItemPrice>47.90</ItemPrice>
      <UnitOfMeasurePrice>9.58</UnitOfMeasurePrice>
      <AllowDiscount>1</AllowDiscount>
      <ItemStatus>1</ItemStatus>
    </Item>
    <Item>
      <PriceUpdateDate>2024-11-18 15:49</PriceUpdateDate>
      <ItemCode>8854661003212</ItemCode>
      <ItemType>1</ItemType>
      <ItemName>בשר מולים מבושלים 500 גר</ItemName>
      <ManufacturerName>לא ידוע</ManufacturerName>
      <ManufactureCountry>לא ידוע</ManufactureCountry>
      <ManufacturerItemDescription>בשר מולים מבושלים 50</ManufacturerItemDescription>
      <UnitQty>גרמים</UnitQty>
      <Quantity>500.00</Quantity>
      <bIsWeighted>0</bIsWeighted>
      <UnitOfMeasure>100 גרם</UnitOfMeasure>
      <QtyInPackage>1</QtyInPackage>
      <ItemPrice>36.90</ItemPrice>
      <UnitOfMeasurePrice>7.38</UnitOfMeasurePrice>
      <AllowDiscount>1</AllowDiscount>
      <ItemStatus>1</ItemStatus>
    </Item>
    <Item>
      <PriceUpdateDate>2024-11-18 15:45</PriceUpdateDate>
      <ItemCode>8854661007012</ItemCode>
      <ItemType>1</ItemType>
      <ItemName>שרימפס מבושל מקולף 1 ק"ג קפוא</ItemName>
      <ManufacturerName>לא ידוע</ManufacturerName>
      <ManufactureCountry>לא ידוע</ManufactureCountry>
      <ManufacturerItemDescription>שרימפס מבושל מקולף  </ManufacturerItemDescription>
      <UnitQty>קילוגרמים</UnitQty>
      <Quantity>0.00</Quantity>
      <bIsWeighted>0</bIsWeighted>
      <UnitOfMeasure>ק"ג</UnitOfMeasure>
      <QtyInPackage>1</QtyInPackage>
      <ItemPrice>94.90</ItemPrice>
      <UnitOfMeasurePrice>94.90</UnitOfMeasurePrice>
      <AllowDiscount>1</AllowDiscount>
      <ItemStatus>1</ItemStatus>
    </Item>
    <Item>
      <PriceUpdateDate>2024-11-18 15:46</PriceUpdateDate>
      <ItemCode>8854661009726</ItemCode>
      <ItemType>1</ItemType>
      <ItemName>שרימפס טמפורה 300 גר</ItemName>
      <ManufacturerName>לא ידוע</ManufacturerName>
      <ManufactureCountry>לא ידוע</ManufactureCountry>
      <ManufacturerItemDescription>שרימפס טמפורה 300 גר</ManufacturerItemDescription>
      <UnitQty>גרמים</UnitQty>
      <Quantity>300.00</Quantity>
      <bIsWeighted>0</bIsWeighted>
      <UnitOfMeasure>100 גרם</UnitOfMeasure>
      <QtyInPackage>1</QtyInPackage>
      <ItemPrice>43.90</ItemPrice>
      <UnitOfMeasurePrice>14.63</UnitOfMeasurePrice>
      <AllowDiscount>1</AllowDiscount>
      <ItemStatus>1</ItemStatus>
    </Item>
    <Item>
      <PriceUpdateDate>2025-09-13 18:58</PriceUpdateDate>
      <ItemCode>8856274005744</ItemCode>
      <ItemType>1</ItemType>
      <ItemName>עלי קפיר ליים יבשים מזרח ומערב 30 גרם</ItemName>
      <ManufacturerName>לא ידוע</ManufacturerName>
      <ManufactureCountry>TH</ManufactureCountry>
      <ManufacturerItemDescription>עלי קפיר ליים יבשים </ManufacturerItemDescription>
      <UnitQty>גרמים</UnitQty>
      <Quantity>30.00</Quantity>
      <bIsWeighted>0</bIsWeighted>
      <UnitOfMeasure>100 גרם</UnitOfMeasure>
      <QtyInPackage>1</QtyInPackage>
      <ItemPrice>15.50</ItemPrice>
      <UnitOfMeasurePrice>51.67</UnitOfMeasurePrice>
      <AllowDiscount>1</AllowDiscount>
      <ItemStatus>1</ItemStatus>
    </Item>
    <Item>
      <PriceUpdateDate>2024-07-04 16:54</PriceUpdateDate>
      <ItemCode>8856429000266</ItemCode>
      <ItemType>1</ItemType>
      <ItemName>אטריות אורז דקות 200 גרם</ItemName>
      <ManufacturerName>לא ידוע</ManufacturerName>
      <ManufactureCountry>תאילנד</ManufactureCountry>
      <ManufacturerItemDescription>אטריות אורז דקות 200</ManufacturerItemDescription>
      <UnitQty>גרמים</UnitQty>
      <Quantity>200.00</Quantity>
      <bIsWeighted>0</bIsWeighted>
      <UnitOfMeasure>100 גרם</UnitOfMeasure>
      <QtyInPackage>1</QtyInPackage>
      <ItemPrice>8.90</ItemPrice>
      <UnitOfMeasurePrice>4.45</UnitOfMeasurePrice>
      <AllowDiscount>1</AllowDiscount>
      <ItemStatus>1</ItemStatus>
    </Item>
    <Item>
      <PriceUpdateDate>2024-07-17 08:33</PriceUpdateDate>
      <ItemCode>8858271002870</ItemCode>
      <ItemType>1</ItemType>
      <ItemName>רוטב פאד תאי 250 מ"ל מקסצאפ</ItemName>
      <ManufacturerName>לא ידוע</ManufacturerName>
      <ManufactureCountry>לא ידוע</ManufactureCountry>
      <ManufacturerItemDescription>רוטב פאד תאי 250 מ"ל</ManufacturerItemDescription>
      <UnitQty>מיליליטרים</UnitQty>
      <Quantity>250.00</Quantity>
      <bIsWeighted>0</bIsWeighted>
      <UnitOfMeasure>100 מ"ל</UnitOfMeasure>
      <QtyInPackage>1</QtyInPackage>
      <ItemPrice>14.90</ItemPrice>
      <UnitOfMeasurePrice>5.96</UnitOfMeasurePrice>
      <AllowDiscount>1</AllowDiscount>
      <ItemStatus>1</ItemStatus>
    </Item>
    <Item>
      <PriceUpdateDate>2024-07-17 08:34</PriceUpdateDate>
      <ItemCode>8858271002887</ItemCode>
      <ItemType>1</ItemType>
      <ItemName>רוטב טרייאקי 250 מ"ל מקסצאפ</ItemName>
      <ManufacturerName>לא ידוע</ManufacturerName>
      <ManufactureCountry>לא ידוע</ManufactureCountry>
      <ManufacturerItemDescription>רוטב טרייאקי 250 מ"ל</ManufacturerItemDescription>
      <UnitQty>מיליליטרים</UnitQty>
      <Quantity>250.00</Quantity>
      <bIsWeighted>0</bIsWeighted>
      <UnitOfMeasure>100 מ"ל</UnitOfMeasure>
      <QtyInPackage>1</QtyInPackage>
      <ItemPrice>14.90</ItemPrice>
      <UnitOfMeasurePrice>5.96</UnitOfMeasurePrice>
      <AllowDiscount>1</AllowDiscount>
      <ItemStatus>1</ItemStatus>
    </Item>
    <Item>
      <PriceUpdateDate>2025-03-25 06:57</PriceUpdateDate>
      <ItemCode>8858271003044</ItemCode>
      <ItemType>1</ItemType>
      <ItemName>רוטב סויה כהה פורמולה 5 700 גרם מקסצאפ</ItemName>
      <ManufacturerName>לא ידוע</ManufacturerName>
      <ManufactureCountry>לא ידוע</ManufactureCountry>
      <ManufacturerItemDescription>רוטב סויה כהה פורמול</ManufacturerItemDescription>
      <UnitQty>מיליליטרים</UnitQty>
      <Quantity>700.00</Quantity>
      <bIsWeighted>0</bIsWeighted>
      <UnitOfMeasure>100 מ"ל</UnitOfMeasure>
      <QtyInPackage>1</QtyInPackage>
      <ItemPrice>21.90</ItemPrice>
      <UnitOfMeasurePrice>3.13</UnitOfMeasurePrice>
      <AllowDiscount>1</AllowDiscount>
      <ItemStatus>1</ItemStatus>
    </Item>
    <Item>
      <PriceUpdateDate>2025-03-25 06:57</PriceUpdateDate>
      <ItemCode>8858271003075</ItemCode>
      <ItemType>1</ItemType>
      <ItemName>רוטב סויה מתוקה 700 גרם מקסצאפ</ItemName>
      <ManufacturerName>לא ידוע</ManufacturerName>
      <ManufactureCountry>לא ידוע</ManufactureCountry>
      <ManufacturerItemDescription>רוטב סויה מתוקה 700 </ManufacturerItemDescription>
      <UnitQty>מיליליטרים</UnitQty>
      <Quantity>700.00</Quantity>
      <bIsWeighted>0</bIsWeighted>
      <UnitOfMeasure>100 מ"ל</UnitOfMeasure>
      <QtyInPackage>1</QtyInPackage>
      <ItemPrice>21.90</ItemPrice>
      <UnitOfMeasurePrice>3.13</UnitOfMeasurePrice>
      <AllowDiscount>1</AllowDiscount>
      <ItemStatus>1</ItemStatus>
    </Item>
    <Item>
      <PriceUpdateDate>2024-07-17 08:36</PriceUpdateDate>
      <ItemCode>8858271003136</ItemCode>
      <ItemType>1</ItemType>
      <ItemName>רוטב פטריות צמחוני 250 מ"ל מקסצאפ</ItemName>
      <ManufacturerName>לא ידוע</ManufacturerName>
      <ManufactureCountry>לא ידוע</ManufactureCountry>
      <ManufacturerItemDescription>רוטב פטריות צמחוני 2</ManufacturerItemDescription>
      <UnitQty>מיליליטרים</UnitQty>
      <Quantity>250.00</Quantity>
      <bIsWeighted>0</bIsWeighted>
      <UnitOfMeasure>100 מ"ל</UnitOfMeasure>
      <QtyInPackage>1</QtyInPackage>
      <ItemPrice>14.90</ItemPrice>
      <UnitOfMeasurePrice>5.96</UnitOfMeasurePrice>
      <AllowDiscount>1</AllowDiscount>
      <ItemStatus>1</ItemStatus>
    </Item>
    <Item>
      <PriceUpdateDate>2024-12-02 15:27</PriceUpdateDate>
      <ItemCode>8858271005451</ItemCode>
      <ItemType>1</ItemType>
      <ItemName>רוטב סויה פורמולה 1 - 250 מל מקסצאפ</ItemName>
      <ManufacturerName>לא ידוע</ManufacturerName>
      <ManufactureCountry>לא ידוע</ManufactureCountry>
      <ManufacturerItemDescription>רוטב סויה פורמולה 1 </ManufacturerItemDescription>
      <UnitQty>מיליליטרים</UnitQty>
      <Quantity>250.00</Quantity>
      <bIsWeighted>0</bIsWeighted>
      <UnitOfMeasure>100 מ"ל</UnitOfMeasure>
      <QtyInPackage>1</QtyInPackage>
      <ItemPrice>15.50</ItemPrice>
      <UnitOfMeasurePrice>6.20</UnitOfMeasurePrice>
      <AllowDiscount>1</AllowDiscount>
      <ItemStatus>1</ItemStatus>
    </Item>
    <Item>
      <PriceUpdateDate>2024-02-02 15:08</PriceUpdateDate>
      <ItemCode>8859667900015</ItemCode>
      <ItemType>1</ItemType>
      <ItemName>אורז יסמין פרימיום 1  ק"ג</ItemName>
      <ManufacturerName>לא ידוע</ManufacturerName>
      <ManufactureCountry>לא ידוע</ManufactureCountry>
      <ManufacturerItemDescription>אורז יסמין פרימיום 1</ManufacturerItemDescription>
      <UnitQty>קילוגרמים</UnitQty>
      <Quantity>0.00</Quantity>
      <bIsWeighted>0</bIsWeighted>
      <UnitOfMeasure>ק"ג</UnitOfMeasure>
      <QtyInPackage>1</QtyInPackage>
      <ItemPrice>15.90</ItemPrice>
      <UnitOfMeasurePrice>15.90</UnitOfMeasurePrice>
      <AllowDiscount>1</AllowDiscount>
      <ItemStatus>1</ItemStatus>
    </Item>
    <Item>
      <PriceUpdateDate>2024-11-22 13:37</PriceUpdateDate>
      <ItemCode>88801124</ItemCode>
      <ItemType>1</ItemType>
      <ItemName>מצת קליפר</ItemName>
      <ManufacturerName>לא ידוע</ManufacturerName>
      <ManufactureCountry>לא ידוע</ManufactureCountry>
      <ManufacturerItemDescription>מצת קליפר           </ManufacturerItemDescription>
      <UnitQty>Unknown</UnitQty>
      <Quantity>0.00</Quantity>
      <bIsWeighted>0</bIsWeighted>
      <UnitOfMeasure>Unknown</UnitOfMeasure>
      <QtyInPackage>1</QtyInPackage>
      <ItemPrice>7.30</ItemPrice>
      <UnitOfMeasurePrice>7.30</UnitOfMeasurePrice>
      <AllowDiscount>1</AllowDiscount>
      <ItemStatus>1</ItemStatus>
    </Item>
    <Item>
      <PriceUpdateDate>2024-12-15 23:00</PriceUpdateDate>
      <ItemCode>8886467516115</ItemCode>
      <ItemType>1</ItemType>
      <ItemName>א.ש.שקיות איסוף צרכי</ItemName>
      <ManufacturerName>לא ידוע</ManufacturerName>
      <ManufactureCountry>לא ידוע</ManufactureCountry>
      <ManufacturerItemDescription>א.ש.שקיות איסוף צרכי</ManufacturerItemDescription>
      <UnitQty>Unknown</UnitQty>
      <Quantity>1.00</Quantity>
      <bIsWeighted>0</bIsWeighted>
      <UnitOfMeasure>Unknown</UnitOfMeasure>
      <QtyInPackage>1</QtyInPackage>
      <ItemPrice>14.90</ItemPrice>
      <UnitOfMeasurePrice>14.90</UnitOfMeasurePrice>
      <AllowDiscount>1</AllowDiscount>
      <ItemStatus>1</ItemStatus>
    </Item>
    <Item>
      <PriceUpdateDate>2025-03-11 15:24</PriceUpdateDate>
      <ItemCode>8888021200256</ItemCode>
      <ItemType>1</ItemType>
      <ItemName>סוללות  אנרגייזר שמינייה  AA</ItemName>
      <ManufacturerName>לא ידוע</ManufacturerName>
      <ManufactureCountry>לא ידוע</ManufactureCountry>
      <ManufacturerItemDescription>סוללות  אנרגייזר שמי</ManufacturerItemDescription>
      <UnitQty>Unknown</UnitQty>
      <Quantity>0.00</Quantity>
      <bIsWeighted>0</bIsWeighted>
      <UnitOfMeasure>Unknown</UnitOfMeasure>
      <QtyInPackage>1</QtyInPackage>
      <ItemPrice>32.90</ItemPrice>
      <UnitOfMeasurePrice>32.90</UnitOfMeasurePrice>
      <AllowDiscount>1</AllowDiscount>
      <ItemStatus>1</ItemStatus>
    </Item>
    <Item>
      <PriceUpdateDate>2023-01-16 15:38</PriceUpdateDate>
      <ItemCode>8901537024014</ItemCode>
      <ItemType>1</ItemType>
      <ItemName>אורז בסמטי מובחר דאווט 1 ק"ג</ItemName>
      <ManufacturerName>לא ידוע</ManufacturerName>
      <ManufactureCountry>לא ידוע</ManufactureCountry>
      <ManufacturerItemDescription>אורז בסמטי מובחר    </ManufacturerItemDescription>
      <UnitQty>גרמים</UnitQty>
      <Quantity>1000.00</Quantity>
      <bIsWeighted>0</bIsWeighted>
      <UnitOfMeasure>100 גרם</UnitOfMeasure>
      <QtyInPackage>1</QtyInPackage>
      <ItemPrice>15.90</ItemPrice>
      <UnitOfMeasurePrice>1.59</UnitOfMeasurePrice>
      <AllowDiscount>1</AllowDiscount>
      <ItemStatus>1</ItemStatus>
    </Item>
    <Item>
      <PriceUpdateDate>2025-03-25 06:57</PriceUpdateDate>
      <ItemCode>89041081056</ItemCode>
      <ItemType>1</ItemType>
      <ItemName>שמן צילי 180 מל</ItemName>
      <ManufacturerName>לא ידוע</ManufacturerName>
      <ManufactureCountry>לא ידוע</ManufactureCountry>
      <ManufacturerItemDescription>שמן צילי 180 מ"ל    </ManufacturerItemDescription>
      <UnitQty>מיליליטרים</UnitQty>
      <Quantity>185.00</Quantity>
      <bIsWeighted>0</bIsWeighted>
      <UnitOfMeasure>100 מ"ל</UnitOfMeasure>
      <QtyInPackage>1</QtyInPackage>
      <ItemPrice>16.50</ItemPrice>
      <UnitOfMeasurePrice>8.92</UnitOfMeasurePrice>
      <AllowDiscount>1</AllowDiscount>
      <ItemStatus>1</ItemStatus>
    </Item>
    <Item>
      <PriceUpdateDate>2024-05-03 09:07</PriceUpdateDate>
      <ItemCode>8934804049878</ItemCode>
      <ItemType>1</ItemType>
      <ItemName>נסקפה משקה קפה קר מוקה 240 מ"ל</ItemName>
      <ManufacturerName>לא ידוע</ManufacturerName>
      <ManufactureCountry>ישראל</ManufactureCountry>
      <ManufacturerItemDescription>נסקפה משקה קפה קר מו</ManufacturerItemDescription>
      <UnitQty>מיליליטרים</UnitQty>
      <Quantity>240.00</Quantity>
      <bIsWeighted>0</bIsWeighted>
      <UnitOfMeasure>100 מ"ל</UnitOfMeasure>
      <QtyInPackage>1</QtyInPackage>
      <ItemPrice>12.90</ItemPrice>
      <UnitOfMeasurePrice>5.38</UnitOfMeasurePrice>
      <AllowDiscount>1</AllowDiscount>
      <ItemStatus>1</ItemStatus>
    </Item>
    <Item>
      <PriceUpdateDate>2024-05-03 09:07</PriceUpdateDate>
      <ItemCode>8934804049892</ItemCode>
      <ItemType>1</ItemType>
      <ItemName>נסקפה משקה קפה קר קפוצינו 240 מ"ל</ItemName>
      <ManufacturerName>לא ידוע</ManufacturerName>
      <ManufactureCountry>ישראל</ManufactureCountry>
      <ManufacturerItemDescription>נסקפה משקה קפה קר קפ</ManufacturerItemDescription>
      <UnitQty>מיליליטרים</UnitQty>
      <Quantity>240.00</Quantity>
      <bIsWeighted>0</bIsWeighted>
      <UnitOfMeasure>100 מ"ל</UnitOfMeasure>
      <QtyInPackage>1</QtyInPackage>
      <ItemPrice>12.90</ItemPrice>
      <UnitOfMeasurePrice>5.38</UnitOfMeasurePrice>
      <AllowDiscount>1</AllowDiscount>
      <ItemStatus>1</ItemStatus>
    </Item>
    <Item>
      <PriceUpdateDate>2024-05-03 09:07</PriceUpdateDate>
      <ItemCode>8934804049915</ItemCode>
      <ItemType>1</ItemType>
      <ItemName>נסקפה משקה קפה קר לאטה 240 מ"ל</ItemName>
      <ManufacturerName>לא ידוע</ManufacturerName>
      <ManufactureCountry>ישראל</ManufactureCountry>
      <ManufacturerItemDescription>נסקפה משקה קפה קר לא</ManufacturerItemDescription>
      <UnitQty>מיליליטרים</UnitQty>
      <Quantity>240.00</Quantity>
      <bIsWeighted>0</bIsWeighted>
      <UnitOfMeasure>100 מ"ל</UnitOfMeasure>
      <QtyInPackage>1</QtyInPackage>
      <ItemPrice>12.90</ItemPrice>
      <UnitOfMeasurePrice>5.38</UnitOfMeasurePrice>
      <AllowDiscount>1</AllowDiscount>
      <ItemStatus>1</ItemStatus>
    </Item>
    <Item>
      <PriceUpdateDate>2021-12-06 17:25</PriceUpdateDate>
      <ItemCode>8934878081811</ItemCode>
      <ItemType>1</ItemType>
      <ItemName>דפי אורז 22 ס"מ 400 גר</ItemName>
      <ManufacturerName>לא ידוע</ManufacturerName>
      <ManufactureCountry>לא ידוע</ManufactureCountry>
      <ManufacturerItemDescription>דפי אורז 22 ס"מ 400 </ManufacturerItemDescription>
      <UnitQty>גרמים</UnitQty>
      <Quantity>400.00</Quantity>
      <bIsWeighted>0</bIsWeighted>
      <UnitOfMeasure>100 גרם</UnitOfMeasure>
      <QtyInPackage>1</QtyInPackage>
      <ItemPrice>14.90</ItemPrice>
      <UnitOfMeasurePrice>3.73</UnitOfMeasurePrice>
      <AllowDiscount>1</AllowDiscount>
      <ItemStatus>1</ItemStatus>
    </Item>
    <Item>
      <PriceUpdateDate>2025-09-16 12:36</PriceUpdateDate>
      <ItemCode>8934878081866</ItemCode>
      <ItemType>1</ItemType>
      <ItemName>דפי אורז 22 ס"מ מרובעים 400 גרם TRAV</ItemName>
      <ManufacturerName>לא ידוע</ManufacturerName>
      <ManufactureCountry>לא ידוע</ManufactureCountry>
      <ManufacturerItemDescription>דפי אורז 22 ס"מ מרוב</ManufacturerItemDescription>
      <UnitQty>גרמים</UnitQty>
      <Quantity>400.00</Quantity>
      <bIsWeighted>0</bIsWeighted>
      <UnitOfMeasure>100 גרם</UnitOfMeasure>
      <QtyInPackage>1</QtyInPackage>
      <ItemPrice>14.90</ItemPrice>
      <UnitOfMeasurePrice>3.73</UnitOfMeasurePrice>
      <AllowDiscount>1</AllowDiscount>
      <ItemStatus>1</ItemStatus>
    </Item>
    <Item>
      <PriceUpdateDate>2024-10-10 17:34</PriceUpdateDate>
      <ItemCode>8935001728047</ItemCode>
      <ItemType>1</ItemType>
      <ItemName>מנטוס ויטמין בטעם פירות יער 60 גר</ItemName>
      <ManufacturerName>לא ידוע</ManufacturerName>
      <ManufactureCountry>לא ידוע</ManufactureCountry>
      <ManufacturerItemDescription>מנטוס ויטמין בטעם פי</ManufacturerItemDescription>
      <UnitQty>גרמים</UnitQty>
      <Quantity>60.00</Quantity>
      <bIsWeighted>0</bIsWeighted>
      <UnitOfMeasure>100 גרם</UnitOfMeasure>
      <QtyInPackage>1</QtyInPackage>
      <ItemPrice>12.90</ItemPrice>
      <UnitOfMeasurePrice>21.50</UnitOfMeasurePrice>
      <AllowDiscount>1</AllowDiscount>
      <ItemStatus>1</ItemStatus>
    </Item>
    <Item>
      <PriceUpdateDate>2025-07-14 11:20</PriceUpdateDate>
      <ItemCode>8935083158008</ItemCode>
      <ItemType>1</ItemType>
      <ItemName>קוקטייל פירות ים 500 גר</ItemName>
      <ManufacturerName>לא ידוע</ManufacturerName>
      <ManufactureCountry>לא ידוע</ManufactureCountry>
      <ManufacturerItemDescription>קוקטייל פירות ים 500</ManufacturerItemDescription>
      <UnitQty>גרמים</UnitQty>
      <Quantity>500.00</Quantity>
      <bIsWeighted>0</bIsWeighted>
      <UnitOfMeasure>100 גרם</UnitOfMeasure>
      <QtyInPackage>1</QtyInPackage>
      <ItemPrice>39.90</ItemPrice>
      <UnitOfMeasurePrice>7.98</UnitOfMeasurePrice>
      <AllowDiscount>1</AllowDiscount>
      <ItemStatus>1</ItemStatus>
    </Item>
    <Item>
      <PriceUpdateDate>2024-04-19 09:06</PriceUpdateDate>
      <ItemCode>9000331604275</ItemCode>
      <ItemType>1</ItemType>
      <ItemName>וופלים מאנר בריק הזלנט 75 גר</ItemName>
      <ManufacturerName>לא ידוע</ManufacturerName>
      <ManufactureCountry>אוסטריה</ManufactureCountry>
      <ManufacturerItemDescription>וופלים מאנר בריק הזל</ManufacturerItemDescription>
      <UnitQty>גרמים</UnitQty>
      <Quantity>75.00</Quantity>
      <bIsWeighted>0</bIsWeighted>
      <UnitOfMeasure>100 גרם</UnitOfMeasure>
      <QtyInPackage>1</QtyInPackage>
      <ItemPrice>6.50</ItemPrice>
      <UnitOfMeasurePrice>8.67</UnitOfMeasurePrice>
      <AllowDiscount>1</AllowDiscount>
      <ItemStatus>1</ItemStatus>
    </Item>
    <Item>
      <PriceUpdateDate>2024-07-27 19:04</PriceUpdateDate>
      <ItemCode>9000331627229</ItemCode>
      <ItemType>1</ItemType>
      <ItemName>וופלים מאנר הזלנט 200 גר</ItemName>
      <ManufacturerName>JOSEF MANNER</ManufacturerName>
      <ManufactureCountry>אוסטריה</ManufactureCountry>
      <ManufacturerItemDescription>וופלים מאנר הזלנט 20</ManufacturerItemDescription>
      <UnitQty>גרמים</UnitQty>
      <Quantity>200.00</Quantity>
      <bIsWeighted>0</bIsWeighted>
      <UnitOfMeasure>100 גרם</UnitOfMeasure>
      <QtyInPackage>1</QtyInPackage>
      <ItemPrice>19.90</ItemPrice>
      <UnitOfMeasurePrice>9.95</UnitOfMeasurePrice>
      <AllowDiscount>1</AllowDiscount>
      <ItemStatus>1</ItemStatus>
    </Item>
    <Item>
      <PriceUpdateDate>2024-01-23 15:54</PriceUpdateDate>
      <ItemCode>9001148803103</ItemCode>
      <ItemType>1</ItemType>
      <ItemName>שום קלוף</ItemName>
      <ManufacturerName>לא ידוע</ManufacturerName>
      <ManufactureCountry>לא ידוע</ManufactureCountry>
      <ManufacturerItemDescription>שום קלוף            </ManufacturerItemDescription>
      <UnitQty>יחידה</UnitQty>
      <Quantity>1.00</Quantity>
      <bIsWeighted>0</bIsWeighted>
      <UnitOfMeasure>יחידה</UnitOfMeasure>
      <QtyInPackage>1</QtyInPackage>
      <ItemPrice>17.90</ItemPrice>
      <UnitOfMeasurePrice>17.90</UnitOfMeasurePrice>
      <AllowDiscount>1</AllowDiscount>
      <ItemStatus>1</ItemStatus>
    </Item>
    <Item>
      <PriceUpdateDate>2021-01-20 21:12</PriceUpdateDate>
      <ItemCode>9001150</ItemCode>
      <ItemType>1</ItemType>
      <ItemName>עגבנית מגי אורגנית ב</ItemName>
      <ManufacturerName>לא ידוע</ManufacturerName>
      <ManufactureCountry>לא ידוע</ManufactureCountry>
      <ManufacturerItemDescription>עגבנית מגי אורגנית ב</ManufacturerItemDescription>
      <UnitQty>Unknown</UnitQty>
      <Quantity>0.00</Quantity>
      <bIsWeighted>1</bIsWeighted>
      <UnitOfMeasure>ק"ג</UnitOfMeasure>
      <QtyInPackage>1</QtyInPackage>
      <ItemPrice>13.50</ItemPrice>
      <UnitOfMeasurePrice>13.50</UnitOfMeasurePrice>
      <AllowDiscount>1</AllowDiscount>
      <ItemStatus>1</ItemStatus>
    </Item>
    <Item>
      <PriceUpdateDate>2024-10-09 17:12</PriceUpdateDate>
      <ItemCode>9002859047145</ItemCode>
      <ItemType>1</ItemType>
      <ItemName>משקה מוגז בטעם תפוח תות לילדים 750 מל</ItemName>
      <ManufacturerName>לא ידוע</ManufacturerName>
      <ManufactureCountry>לא ידוע</ManufactureCountry>
      <ManufacturerItemDescription>משקה מוגז בטעם תפוח </ManufacturerItemDescription>
      <UnitQty>Unknown</UnitQty>
      <Quantity>0.00</Quantity>
      <bIsWeighted>0</bIsWeighted>
      <UnitOfMeasure>Unknown</UnitOfMeasure>
      <QtyInPackage>1</QtyInPackage>
      <ItemPrice>27.20</ItemPrice>
      <UnitOfMeasurePrice>27.20</UnitOfMeasurePrice>
      <AllowDiscount>1</AllowDiscount>
      <ItemStatus>1</ItemStatus>
    </Item>
    <Item>
      <PriceUpdateDate>2024-11-18 15:47</PriceUpdateDate>
      <ItemCode>9002859048173</ItemCode>
      <ItemType>1</ItemType>
      <ItemName>גונץ-מרשמלו ברבקיו 300 גרם</ItemName>
      <ManufacturerName>לא ידוע</ManufacturerName>
      <ManufactureCountry />
      <ManufacturerItemDescription>גונץ-מרשמלו ברבקיו 3</ManufacturerItemDescription>
      <UnitQty>גרמים</UnitQty>
      <Quantity>300.00</Quantity>
      <bIsWeighted>0</bIsWeighted>
      <UnitOfMeasure>100 גרם</UnitOfMeasure>
      <QtyInPackage>1</QtyInPackage>
      <ItemPrice>25.90</ItemPrice>
      <UnitOfMeasurePrice>8.63</UnitOfMeasurePrice>
      <AllowDiscount>1</AllowDiscount>
      <ItemStatus>1</ItemStatus>
    </Item>
    <Item>
      <PriceUpdateDate>2024-12-01 14:47</PriceUpdateDate>
      <ItemCode>9002859050763</ItemCode>
      <ItemType>1</ItemType>
      <ItemName>חיפושיות שוקולד ברשת 100 גרם גונץ</ItemName>
      <ManufacturerName>לא ידוע</ManufacturerName>
      <ManufactureCountry>לא ידוע</ManufactureCountry>
      <ManufacturerItemDescription>חיפושיות שוקולד ברשת</ManufacturerItemDescription>
      <UnitQty>גרמים</UnitQty>
      <Quantity>100.00</Quantity>
      <bIsWeighted>0</bIsWeighted>
      <UnitOfMeasure>100 גרם</UnitOfMeasure>
      <QtyInPackage>1</QtyInPackage>
      <ItemPrice>14.90</ItemPrice>
      <UnitOfMeasurePrice>14.90</UnitOfMeasurePrice>
      <AllowDiscount>1</AllowDiscount>
      <ItemStatus>1</ItemStatus>
    </Item>
    <Item>
      <PriceUpdateDate>2025-06-06 05:57</PriceUpdateDate>
      <ItemCode>9002859066894</ItemCode>
      <ItemType>1</ItemType>
      <ItemName>גונץ - חטיף מרציפן מצופה שוקולד 100 גרם</ItemName>
      <ManufacturerName>לא ידוע</ManufacturerName>
      <ManufactureCountry>לא ידוע</ManufactureCountry>
      <ManufacturerItemDescription>גונץ - חטיף מרציפן מ</ManufacturerItemDescription>
      <UnitQty>גרמים</UnitQty>
      <Quantity>100.00</Quantity>
      <bIsWeighted>0</bIsWeighted>
      <UnitOfMeasure>100 גרם</UnitOfMeasure>
      <QtyInPackage>1</QtyInPackage>
      <ItemPrice>14.90</ItemPrice>
      <UnitOfMeasurePrice>14.90</UnitOfMeasurePrice>
      <AllowDiscount>1</AllowDiscount>
      <ItemStatus>1</ItemStatus>
    </Item>
    <Item>
      <PriceUpdateDate>2025-09-30 09:16</PriceUpdateDate>
      <ItemCode>9002859071911</ItemCode>
      <ItemType>1</ItemType>
      <ItemName>שוקולד חלב סנטה 4100 גר גונץ</ItemName>
      <ManufacturerName>RUBEZAHL SCHOKOLADEN</ManufacturerName>
      <ManufactureCountry>DE</ManufactureCountry>
      <ManufacturerItemDescription>גונץ-שוקולד חלב סנטה</ManufacturerItemDescription>
      <UnitQty>גרמים</UnitQty>
      <Quantity>100.00</Quantity>
      <bIsWeighted>0</bIsWeighted>
      <UnitOfMeasure>100 גרם</UnitOfMeasure>
      <QtyInPackage>1</QtyInPackage>
      <ItemPrice>21.90</ItemPrice>
      <UnitOfMeasurePrice>21.90</UnitOfMeasurePrice>
      <AllowDiscount>1</AllowDiscount>
      <ItemStatus>1</ItemStatus>
    </Item>
    <Item>
      <PriceUpdateDate>2025-06-06 05:55</PriceUpdateDate>
      <ItemCode>9002859092657</ItemCode>
      <ItemType>1</ItemType>
      <ItemName>גונץ-בננה ציפוי מריר 150 גר</ItemName>
      <ManufacturerName>לא ידוע</ManufacturerName>
      <ManufactureCountry>לא ידוע</ManufactureCountry>
      <ManufacturerItemDescription>גונץ-בננה ציפוי מריר</ManufacturerItemDescription>
      <UnitQty>גרמים</UnitQty>
      <Quantity>150.00</Quantity>
      <bIsWeighted>0</bIsWeighted>
      <UnitOfMeasure>100 גרם</UnitOfMeasure>
      <QtyInPackage>1</QtyInPackage>
      <ItemPrice>22.90</ItemPrice>
      <UnitOfMeasurePrice>15.27</UnitOfMeasurePrice>
      <AllowDiscount>1</AllowDiscount>
      <ItemStatus>1</ItemStatus>
    </Item>
    <Item>
      <PriceUpdateDate>2025-10-22 23:01</PriceUpdateDate>
      <ItemCode>9002859099175</ItemCode>
      <ItemType>1</ItemType>
      <ItemName>גונץ-עוגיות חמאה 9% קריסמיס פח 454 גרם</ItemName>
      <ManufacturerName>לא ידוע</ManufacturerName>
      <ManufactureCountry />
      <ManufacturerItemDescription>גונץ-עוגיות חמאה 9% </ManufacturerItemDescription>
      <UnitQty>גרמים</UnitQty>
      <Quantity>454.00</Quantity>
      <bIsWeighted>0</bIsWeighted>
      <UnitOfMeasure>100 גרם</UnitOfMeasure>
      <QtyInPackage>1</QtyInPackage>
      <ItemPrice>56.90</ItemPrice>
      <UnitOfMeasurePrice>12.53</UnitOfMeasurePrice>
      <AllowDiscount>1</AllowDiscount>
      <ItemStatus>1</ItemStatus>
    </Item>
    <Item>
      <PriceUpdateDate>2025-05-09 11:29</PriceUpdateDate>
      <ItemCode>9002859106811</ItemCode>
      <ItemType>1</ItemType>
      <ItemName>פיאלציה רוטב פסטה רוסטיקה 690 גר</ItemName>
      <ManufacturerName>לא ידוע</ManufacturerName>
      <ManufactureCountry>איטליה</ManufactureCountry>
      <ManufacturerItemDescription>פיאלציה רוטב פסטה רו</ManufacturerItemDescription>
      <UnitQty>גרמים</UnitQty>
      <Quantity>690.00</Quantity>
      <bIsWeighted>0</bIsWeighted>
      <UnitOfMeasure>100 גרם</UnitOfMeasure>
      <QtyInPackage>1</QtyInPackage>
      <ItemPrice>15.90</ItemPrice>
      <UnitOfMeasurePrice>2.30</UnitOfMeasurePrice>
      <AllowDiscount>1</AllowDiscount>
      <ItemStatus>1</ItemStatus>
    </Item>
    <Item>
      <PriceUpdateDate>2025-09-30 09:16</PriceUpdateDate>
      <ItemCode>9002859113079</ItemCode>
      <ItemType>1</ItemType>
      <ItemName>גונץ- שוקולד לוח שנה מפרץ ההרפתקאות 75ג</ItemName>
      <ManufacturerName>וואווי אירו GMBH</ManufacturerName>
      <ManufactureCountry>DE</ManufactureCountry>
      <ManufacturerItemDescription>גונץ- שוקולד לוח שנה</ManufacturerItemDescription>
      <UnitQty>גרמים</UnitQty>
      <Quantity>75.00</Quantity>
      <bIsWeighted>0</bIsWeighted>
      <UnitOfMeasure>100 גרם</UnitOfMeasure>
      <QtyInPackage>1</QtyInPackage>
      <ItemPrice>22.90</ItemPrice>
      <UnitOfMeasurePrice>30.53</UnitOfMeasurePrice>
      <AllowDiscount>1</AllowDiscount>
      <ItemStatus>1</ItemStatus>
    </Item>
    <Item>
      <PriceUpdateDate>2024-08-05 16:39</PriceUpdateDate>
      <ItemCode>9002859124334</ItemCode>
      <ItemType>1</ItemType>
      <ItemName>גונץ-עוגיות חמאה דניות  מעוצב 150 גרם</ItemName>
      <ManufacturerName>ג'ייקובסון בייקרי בע''מ</ManufacturerName>
      <ManufactureCountry>דנמרק</ManufactureCountry>
      <ManufacturerItemDescription>גונץ-עוגיות חמאה דני</ManufacturerItemDescription>
      <UnitQty>גרמים</UnitQty>
      <Quantity>150.00</Quantity>
      <bIsWeighted>0</bIsWeighted>
      <UnitOfMeasure>100 גרם</UnitOfMeasure>
      <QtyInPackage>1</QtyInPackage>
      <ItemPrice>19.90</ItemPrice>
      <UnitOfMeasurePrice>13.27</UnitOfMeasurePrice>
      <AllowDiscount>1</AllowDiscount>
      <ItemStatus>1</ItemStatus>
    </Item>
    <Item>
      <PriceUpdateDate>2025-10-25 23:00</PriceUpdateDate>
      <ItemCode>9002859131745</ItemCode>
      <ItemType>1</ItemType>
      <ItemName>גונץ-סנטה משוקולד במילוי קרם חלב ברשת 85</ItemName>
      <ManufacturerName>לא ידוע</ManufacturerName>
      <ManufactureCountry>IT</ManufactureCountry>
      <ManufacturerItemDescription>גונץ-סנטה משוקולד במ</ManufacturerItemDescription>
      <UnitQty>גרמים</UnitQty>
      <Quantity>85.00</Quantity>
      <bIsWeighted>0</bIsWeighted>
      <UnitOfMeasure>100 גרם</UnitOfMeasure>
      <QtyInPackage>1</QtyInPackage>
      <ItemPrice>14.90</ItemPrice>
      <UnitOfMeasurePrice>17.53</UnitOfMeasurePrice>
      <AllowDiscount>1</AllowDiscount>
      <ItemStatus>1</ItemStatus>
    </Item>
    <Item>
      <PriceUpdateDate>2025-03-25 07:08</PriceUpdateDate>
      <ItemCode>9002975000550</ItemCode>
      <ItemType>1</ItemType>
      <ItemName>סוכריות גלי הריבו סאוור וורמס 70 גר</ItemName>
      <ManufacturerName>לא ידוע</ManufacturerName>
      <ManufactureCountry>אוסטריה</ManufactureCountry>
      <ManufacturerItemDescription>סוכריות גלי הריבו סא</ManufacturerItemDescription>
      <UnitQty>גרמים</UnitQty>
      <Quantity>70.00</Quantity>
      <bIsWeighted>0</bIsWeighted>
      <UnitOfMeasure>100 גרם</UnitOfMeasure>
      <QtyInPackage>1</QtyInPackage>
      <ItemPrice>11.50</ItemPrice>
      <UnitOfMeasurePrice>16.43</UnitOfMeasurePrice>
      <AllowDiscount>1</AllowDiscount>
      <ItemStatus>1</ItemStatus>
    </Item>
    <Item>
      <PriceUpdateDate>2025-03-20 12:16</PriceUpdateDate>
      <ItemCode>9002975378956</ItemCode>
      <ItemType>1</ItemType>
      <ItemName>הריבו אבטיח 160 גרם</ItemName>
      <ManufacturerName>לא ידוע</ManufacturerName>
      <ManufactureCountry>גרמניה</ManufactureCountry>
      <ManufacturerItemDescription>הריבו אבטיח 160 גרם </ManufacturerItemDescription>
      <UnitQty>גרמים</UnitQty>
      <Quantity>160.00</Quantity>
      <bIsWeighted>0</bIsWeighted>
      <UnitOfMeasure>100 גרם</UnitOfMeasure>
      <QtyInPackage>1</QtyInPackage>
      <ItemPrice>15.50</ItemPrice>
      <UnitOfMeasurePrice>9.69</UnitOfMeasurePrice>
      <AllowDiscount>1</AllowDiscount>
      <ItemStatus>1</ItemStatus>
    </Item>
    <Item>
      <PriceUpdateDate>2025-03-25 07:07</PriceUpdateDate>
      <ItemCode>9002975393812</ItemCode>
      <ItemType>1</ItemType>
      <ItemName>סוכריות גילי הריבו האפי צירי 70 גרם</ItemName>
      <ManufacturerName>לא ידוע</ManufacturerName>
      <ManufactureCountry>אוסטריה</ManufactureCountry>
      <ManufacturerItemDescription>סוכריות גילי הריבו ה</ManufacturerItemDescription>
      <UnitQty>גרמים</UnitQty>
      <Quantity>70.00</Quantity>
      <bIsWeighted>0</bIsWeighted>
      <UnitOfMeasure>100 גרם</UnitOfMeasure>
      <QtyInPackage>1</QtyInPackage>
      <ItemPrice>11.50</ItemPrice>
      <UnitOfMeasurePrice>16.43</UnitOfMeasurePrice>
      <AllowDiscount>1</AllowDiscount>
      <ItemStatus>1</ItemStatus>
    </Item>
    <Item>
      <PriceUpdateDate>2025-03-25 07:07</PriceUpdateDate>
      <ItemCode>9002975393829</ItemCode>
      <ItemType>1</ItemType>
      <ItemName>סוכריות גילי הריבו פיציס 70 גרם</ItemName>
      <ManufacturerName>לא ידוע</ManufacturerName>
      <ManufactureCountry>אוסטריה</ManufactureCountry>
      <ManufacturerItemDescription>סוכריות גילי הריבו פ</ManufacturerItemDescription>
      <UnitQty>גרמים</UnitQty>
      <Quantity>70.00</Quantity>
      <bIsWeighted>0</bIsWeighted>
      <UnitOfMeasure>100 גרם</UnitOfMeasure>
      <QtyInPackage>1</QtyInPackage>
      <ItemPrice>11.50</ItemPrice>
      <UnitOfMeasurePrice>16.43</UnitOfMeasurePrice>
      <AllowDiscount>1</AllowDiscount>
      <ItemStatus>1</ItemStatus>
    </Item>
    <Item>
      <PriceUpdateDate>2025-03-25 07:09</PriceUpdateDate>
      <ItemCode>9002975393836</ItemCode>
      <ItemType>1</ItemType>
      <ItemName>סוכריות גילי הריבו האפי קולה 70 גרם</ItemName>
      <ManufacturerName>לא ידוע</ManufacturerName>
      <ManufactureCountry>אוסטריה</ManufactureCountry>
      <ManufacturerItemDescription>סוכריות גילי הריבו ה</ManufacturerItemDescription>
      <UnitQty>גרמים</UnitQty>
      <Quantity>70.00</Quantity>
      <bIsWeighted>0</bIsWeighted>
      <UnitOfMeasure>100 גרם</UnitOfMeasure>
      <QtyInPackage>1</QtyInPackage>
      <ItemPrice>11.50</ItemPrice>
      <UnitOfMeasurePrice>16.43</UnitOfMeasurePrice>
      <AllowDiscount>1</AllowDiscount>
      <ItemStatus>1</ItemStatus>
    </Item>
    <Item>
      <PriceUpdateDate>2025-03-25 06:54</PriceUpdateDate>
      <ItemCode>9002975393843</ItemCode>
      <ItemType>1</ItemType>
      <ItemName>סוכריות גילי הריבו גולדברס 70 גרם</ItemName>
      <ManufacturerName>לא ידוע</ManufacturerName>
      <ManufactureCountry>אוסטריה</ManufactureCountry>
      <ManufacturerItemDescription>סוכריות גילי הריבו ג</ManufacturerItemDescription>
      <UnitQty>גרמים</UnitQty>
      <Quantity>70.00</Quantity>
      <bIsWeighted>0</bIsWeighted>
      <UnitOfMeasure>100 גרם</UnitOfMeasure>
      <QtyInPackage>1</QtyInPackage>
      <ItemPrice>11.50</ItemPrice>
      <UnitOfMeasurePrice>16.43</UnitOfMeasurePrice>
      <AllowDiscount>1</AllowDiscount>
      <ItemStatus>1</ItemStatus>
    </Item>
    <Item>
      <PriceUpdateDate>2025-03-25 07:06</PriceUpdateDate>
      <ItemCode>9002975393850</ItemCode>
      <ItemType>1</ItemType>
      <ItemName>סוכריות גילי הריבו וורמס 70 גרם</ItemName>
      <ManufacturerName>לא ידוע</ManufacturerName>
      <ManufactureCountry>אוסטריה</ManufactureCountry>
      <ManufacturerItemDescription>סוכריות גילי הריבו ו</ManufacturerItemDescription>
      <UnitQty>גרמים</UnitQty>
      <Quantity>70.00</Quantity>
      <bIsWeighted>0</bIsWeighted>
      <UnitOfMeasure>100 גרם</UnitOfMeasure>
      <QtyInPackage>1</QtyInPackage>
      <ItemPrice>11.50</ItemPrice>
      <UnitOfMeasurePrice>16.43</UnitOfMeasurePrice>
      <AllowDiscount>1</AllowDiscount>
      <ItemStatus>1</ItemStatus>
    </Item>
    <Item>
      <PriceUpdateDate>2024-06-22 17:22</PriceUpdateDate>
      <ItemCode>9003402663089</ItemCode>
      <ItemType>1</ItemType>
      <ItemName>בירה שטיגל רדלר אשכוליות 500 מ"ל פחית</ItemName>
      <ManufacturerName>לא ידוע</ManufacturerName>
      <ManufactureCountry>אוסטריה</ManufactureCountry>
      <ManufacturerItemDescription>בירה שטיגל רדלר אשכו</ManufacturerItemDescription>
      <UnitQty>מיליליטרים</UnitQty>
      <Quantity>500.00</Quantity>
      <bIsWeighted>0</bIsWeighted>
      <UnitOfMeasure>100 מ"ל</UnitOfMeasure>
      <QtyInPackage>1</QtyInPackage>
      <ItemPrice>9.90</ItemPrice>
      <UnitOfMeasurePrice>1.98</UnitOfMeasurePrice>
      <AllowDiscount>1</AllowDiscount>
      <ItemStatus>1</ItemStatus>
    </Item>
    <Item>
      <PriceUpdateDate>2024-06-22 19:03</PriceUpdateDate>
      <ItemCode>9003402664079</ItemCode>
      <ItemType>1</ItemType>
      <ItemName>בירה שטיגל רדלר לימון פחית 500 מ"ל</ItemName>
      <ManufacturerName>לא ידוע</ManufacturerName>
      <ManufactureCountry />
      <ManufacturerItemDescription>בירה שטיגל רדלר לימו</ManufacturerItemDescription>
      <UnitQty>מיליליטרים</UnitQty>
      <Quantity>500.00</Quantity>
      <bIsWeighted>0</bIsWeighted>
      <UnitOfMeasure>100 מ"ל</UnitOfMeasure>
      <QtyInPackage>1</QtyInPackage>
      <ItemPrice>9.90</ItemPrice>
      <UnitOfMeasurePrice>1.98</UnitOfMeasurePrice>
      <AllowDiscount>1</AllowDiscount>
      <ItemStatus>1</ItemStatus>
    </Item>
    <Item>
      <PriceUpdateDate>2024-02-04 10:51</PriceUpdateDate>
      <ItemCode>90087011</ItemCode>
      <ItemType>1</ItemType>
      <ItemName>מיץ תפוחים  100% קרטונית ראוך</ItemName>
      <ManufacturerName>לא ידוע</ManufacturerName>
      <ManufactureCountry>לא ידוע</ManufactureCountry>
      <ManufacturerItemDescription>מיץ תפוחים  100% קרט</ManufacturerItemDescription>
      <UnitQty>מיליליטרים</UnitQty>
      <Quantity>1000.00</Quantity>
      <bIsWeighted>0</bIsWeighted>
      <UnitOfMeasure>100 מ"ל</UnitOfMeasure>
      <QtyInPackage>1</QtyInPackage>
      <ItemPrice>15.90</ItemPrice>
      <UnitOfMeasurePrice>1.59</UnitOfMeasurePrice>
      <AllowDiscount>1</AllowDiscount>
      <ItemStatus>1</ItemStatus>
    </Item>
    <Item>
      <PriceUpdateDate>2024-02-04 10:52</PriceUpdateDate>
      <ItemCode>90087547</ItemCode>
      <ItemType>1</ItemType>
      <ItemName>מיץ עגבניות 1 ליטר ראוך קרטונית</ItemName>
      <ManufacturerName>לא ידוע</ManufacturerName>
      <ManufactureCountry>לא ידוע</ManufactureCountry>
      <ManufacturerItemDescription>מיץ עגבניות 1 ליטר ר</ManufacturerItemDescription>
      <UnitQty>מיליליטרים</UnitQty>
      <Quantity>1000.00</Quantity>
      <bIsWeighted>0</bIsWeighted>
      <UnitOfMeasure>100 מ"ל</UnitOfMeasure>
      <QtyInPackage>1</QtyInPackage>
      <ItemPrice>15.90</ItemPrice>
      <UnitOfMeasurePrice>1.59</UnitOfMeasurePrice>
      <AllowDiscount>1</AllowDiscount>
      <ItemStatus>1</ItemStatus>
    </Item>
    <Item>
      <PriceUpdateDate>2025-01-02 08:20</PriceUpdateDate>
      <ItemCode>9013100053303</ItemCode>
      <ItemType>1</ItemType>
      <ItemName>ליקר מוצרט קרם שוקולד לבן 500 מ"ל</ItemName>
      <ManufacturerName>לא ידוע</ManufacturerName>
      <ManufactureCountry>לא ידוע</ManufactureCountry>
      <ManufacturerItemDescription>ליקר מוצרט קרם שוקול</ManufacturerItemDescription>
      <UnitQty>מיליליטרים</UnitQty>
      <Quantity>500.00</Quantity>
      <bIsWeighted>0</bIsWeighted>
      <UnitOfMeasure>100 מ"ל</UnitOfMeasure>
      <QtyInPackage>1</QtyInPackage>
      <ItemPrice>95.20</ItemPrice>
      <UnitOfMeasurePrice>19.04</UnitOfMeasurePrice>
      <AllowDiscount>1</AllowDiscount>
      <ItemStatus>1</ItemStatus>
    </Item>
    <Item>
      <PriceUpdateDate>2024-11-26 07:45</PriceUpdateDate>
      <ItemCode>9120025834723</ItemCode>
      <ItemType>1</ItemType>
      <ItemName>חטיף אוראו מצונן 120 גרם</ItemName>
      <ManufacturerName>לא ידוע</ManufacturerName>
      <ManufactureCountry />
      <ManufacturerItemDescription>חטיף אוראו מצונן 120</ManufacturerItemDescription>
      <UnitQty>גרמים</UnitQty>
      <Quantity>120.00</Quantity>
      <bIsWeighted>0</bIsWeighted>
      <UnitOfMeasure>100 גרם</UnitOfMeasure>
      <QtyInPackage>1</QtyInPackage>
      <ItemPrice>19.50</ItemPrice>
      <UnitOfMeasurePrice>16.25</UnitOfMeasurePrice>
      <AllowDiscount>1</AllowDiscount>
      <ItemStatus>1</ItemStatus>
    </Item>
    <Item>
      <PriceUpdateDate>2024-11-25 13:36</PriceUpdateDate>
      <ItemCode>9120025839957</ItemCode>
      <ItemType>1</ItemType>
      <ItemName>חטיף מילקה מצונן 128 גרם</ItemName>
      <ManufacturerName>לא ידוע</ManufacturerName>
      <ManufactureCountry />
      <ManufacturerItemDescription>חטיף מילקה מצונן 128</ManufacturerItemDescription>
      <UnitQty>גרמים</UnitQty>
      <Quantity>128.00</Quantity>
      <bIsWeighted>0</bIsWeighted>
      <UnitOfMeasure>100 גרם</UnitOfMeasure>
      <QtyInPackage>1</QtyInPackage>
      <ItemPrice>19.50</ItemPrice>
      <UnitOfMeasurePrice>15.23</UnitOfMeasurePrice>
      <AllowDiscount>1</AllowDiscount>
      <ItemStatus>1</ItemStatus>
    </Item>
    <Item>
      <PriceUpdateDate>2025-02-24 10:55</PriceUpdateDate>
      <ItemCode>9311510104593</ItemCode>
      <ItemType>1</ItemType>
      <ItemName>סכין סטייק בקאלית</ItemName>
      <ManufacturerName>לא ידוע</ManufacturerName>
      <ManufactureCountry>לא ידוע</ManufactureCountry>
      <ManufacturerItemDescription>סט 6 סכיני סטייק ידי</ManufacturerItemDescription>
      <UnitQty>Unknown</UnitQty>
      <Quantity>0.00</Quantity>
      <bIsWeighted>0</bIsWeighted>
      <UnitOfMeasure>Unknown</UnitOfMeasure>
      <QtyInPackage>1</QtyInPackage>
      <ItemPrice>49.90</ItemPrice>
      <UnitOfMeasurePrice>49.90</UnitOfMeasurePrice>
      <AllowDiscount>1</AllowDiscount>
      <ItemStatus>1</ItemStatus>
    </Item>
    <Item>
      <PriceUpdateDate>2022-05-27 10:30</PriceUpdateDate>
      <ItemCode>9322969000022</ItemCode>
      <ItemType>1</ItemType>
      <ItemName>פרכיות תירס 150 גרם עם סויה וזרעי פשתן</ItemName>
      <ManufacturerName>לא ידוע</ManufacturerName>
      <ManufactureCountry>לא ידוע</ManufactureCountry>
      <ManufacturerItemDescription>פרכיות תירס 150 גרם </ManufacturerItemDescription>
      <UnitQty>גרמים</UnitQty>
      <Quantity>150.00</Quantity>
      <bIsWeighted>0</bIsWeighted>
      <UnitOfMeasure>100 גרם</UnitOfMeasure>
      <QtyInPackage>1</QtyInPackage>
      <ItemPrice>14.90</ItemPrice>
      <UnitOfMeasurePrice>9.93</UnitOfMeasurePrice>
      <AllowDiscount>1</AllowDiscount>
      <ItemStatus>1</ItemStatus>
    </Item>
    <Item>
      <PriceUpdateDate>2022-05-27 10:28</PriceUpdateDate>
      <ItemCode>9322969000039</ItemCode>
      <ItemType>1</ItemType>
      <ItemName>פריכיות תירס 150 גרם עם 5 סוגי דגנים</ItemName>
      <ManufacturerName>לא ידוע</ManufacturerName>
      <ManufactureCountry>לא ידוע</ManufactureCountry>
      <ManufacturerItemDescription>פריכיות תירס 150 גרם</ManufacturerItemDescription>
      <UnitQty>גרמים</UnitQty>
      <Quantity>150.00</Quantity>
      <bIsWeighted>0</bIsWeighted>
      <UnitOfMeasure>100 גרם</UnitOfMeasure>
      <QtyInPackage>1</QtyInPackage>
      <ItemPrice>14.90</ItemPrice>
      <UnitOfMeasurePrice>9.93</UnitOfMeasurePrice>
      <AllowDiscount>1</AllowDiscount>
      <ItemStatus>1</ItemStatus>
    </Item>
    <Item>
      <PriceUpdateDate>2023-01-23 15:59</PriceUpdateDate>
      <ItemCode>9322969000046</ItemCode>
      <ItemType>1</ItemType>
      <ItemName>פריכיות תירס אורגני + שומשום 150 גר</ItemName>
      <ManufacturerName>לא ידוע</ManufacturerName>
      <ManufactureCountry>לא ידוע</ManufactureCountry>
      <ManufacturerItemDescription>פריכיות תירס אורגני </ManufacturerItemDescription>
      <UnitQty>גרמים</UnitQty>
      <Quantity>150.00</Quantity>
      <bIsWeighted>0</bIsWeighted>
      <UnitOfMeasure>100 גרם</UnitOfMeasure>
      <QtyInPackage>1</QtyInPackage>
      <ItemPrice>14.90</ItemPrice>
      <UnitOfMeasurePrice>9.93</UnitOfMeasurePrice>
      <AllowDiscount>1</AllowDiscount>
      <ItemStatus>1</ItemStatus>
    </Item>
    <Item>
      <PriceUpdateDate>2024-10-10 18:14</PriceUpdateDate>
      <ItemCode>9351450004065</ItemCode>
      <ItemType>1</ItemType>
      <ItemName>חטיף רולים קוקוס טבעי לל"ג אורגני 140 גר</ItemName>
      <ManufacturerName>לא ידוע</ManufacturerName>
      <ManufactureCountry>סרילנקה</ManufactureCountry>
      <ManufacturerItemDescription>חטיף רולים קוקוס טבע</ManufacturerItemDescription>
      <UnitQty>גרמים</UnitQty>
      <Quantity>140.00</Quantity>
      <bIsWeighted>0</bIsWeighted>
      <UnitOfMeasure>100 גרם</UnitOfMeasure>
      <QtyInPackage>1</QtyInPackage>
      <ItemPrice>18.90</ItemPrice>
      <UnitOfMeasurePrice>13.50</UnitOfMeasurePrice>
      <AllowDiscount>1</AllowDiscount>
      <ItemStatus>1</ItemStatus>
    </Item>
    <Item>
      <PriceUpdateDate>2024-10-10 18:14</PriceUpdateDate>
      <ItemCode>9351450004249</ItemCode>
      <ItemType>1</ItemType>
      <ItemName>חטיף רולים קוקוס שוקולד לל"ג אורגני 140</ItemName>
      <ManufacturerName>לא ידוע</ManufacturerName>
      <ManufactureCountry>סרילנקה</ManufactureCountry>
      <ManufacturerItemDescription>חטיף רולים קוקוס שוק</ManufacturerItemDescription>
      <UnitQty>גרמים</UnitQty>
      <Quantity>140.00</Quantity>
      <bIsWeighted>0</bIsWeighted>
      <UnitOfMeasure>100 גרם</UnitOfMeasure>
      <QtyInPackage>1</QtyInPackage>
      <ItemPrice>18.90</ItemPrice>
      <UnitOfMeasurePrice>13.50</UnitOfMeasurePrice>
      <AllowDiscount>1</AllowDiscount>
      <ItemStatus>1</ItemStatus>
    </Item>
    <Item>
      <PriceUpdateDate>2025-09-03 23:00</PriceUpdateDate>
      <ItemCode>9400050406952</ItemCode>
      <ItemType>1</ItemType>
      <ItemName>קמבוזולה בלאק לייבל שקיל KASEREI</ItemName>
      <ManufacturerName>לא ידוע</ManufacturerName>
      <ManufactureCountry>DE</ManufactureCountry>
      <ManufacturerItemDescription>קמבוזולה בלאק לייבל </ManufacturerItemDescription>
      <UnitQty>Unknown</UnitQty>
      <Quantity>0.00</Quantity>
      <bIsWeighted>1</bIsWeighted>
      <UnitOfMeasure>ק"ג</UnitOfMeasure>
      <QtyInPackage>0</QtyInPackage>
      <ItemPrice>239.00</ItemPrice>
      <UnitOfMeasurePrice>239.00</UnitOfMeasurePrice>
      <AllowDiscount>1</AllowDiscount>
      <ItemStatus>1</ItemStatus>
    </Item>
    <Item>
      <PriceUpdateDate>2025-02-24 10:58</PriceUpdateDate>
      <ItemCode>9414202211415</ItemCode>
      <ItemType>1</ItemType>
      <ItemName>טו גו - ספל מרק מעוג</ItemName>
      <ManufacturerName>לא ידוע</ManufacturerName>
      <ManufactureCountry>לא ידוע</ManufactureCountry>
      <ManufacturerItemDescription>טו גו - ספל מרק מעוג</ManufacturerItemDescription>
      <UnitQty>Unknown</UnitQty>
      <Quantity>0.00</Quantity>
      <bIsWeighted>0</bIsWeighted>
      <UnitOfMeasure>Unknown</UnitOfMeasure>
      <QtyInPackage>1</QtyInPackage>
      <ItemPrice>39.90</ItemPrice>
      <UnitOfMeasurePrice>39.90</UnitOfMeasurePrice>
      <AllowDiscount>1</AllowDiscount>
      <ItemStatus>1</ItemStatus>
    </Item>
    <Item>
      <PriceUpdateDate>2023-07-20 08:42</PriceUpdateDate>
      <ItemCode>9414202217318</ItemCode>
      <ItemType>1</ItemType>
      <ItemName>ק.מחולקת מרובעת 1.4 ל. סיסטמה</ItemName>
      <ManufacturerName>לא ידוע</ManufacturerName>
      <ManufactureCountry>לא ידוע</ManufactureCountry>
      <ManufacturerItemDescription>טו גו - קוביית לאנצ </ManufacturerItemDescription>
      <UnitQty>Unknown</UnitQty>
      <Quantity>0.00</Quantity>
      <bIsWeighted>0</bIsWeighted>
      <UnitOfMeasure>Unknown</UnitOfMeasure>
      <QtyInPackage>1</QtyInPackage>
      <ItemPrice>39.90</ItemPrice>
      <UnitOfMeasurePrice>39.90</UnitOfMeasurePrice>
      <AllowDiscount>1</AllowDiscount>
      <ItemStatus>1</ItemStatus>
    </Item>
    <Item>
      <PriceUpdateDate>2025-02-27 09:52</PriceUpdateDate>
      <ItemCode>9415305122011</ItemCode>
      <ItemType>1</ItemType>
      <ItemName>יין מטואה מרלבוך סוביניון בלאן 750 מל</ItemName>
      <ManufacturerName>לא ידוע</ManufacturerName>
      <ManufactureCountry>לא ידוע</ManufactureCountry>
      <ManufacturerItemDescription>יין מטואה מרלברו    </ManufacturerItemDescription>
      <UnitQty>Unknown</UnitQty>
      <Quantity>0.00</Quantity>
      <bIsWeighted>0</bIsWeighted>
      <UnitOfMeasure>Unknown</UnitOfMeasure>
      <QtyInPackage>1</QtyInPackage>
      <ItemPrice>85.90</ItemPrice>
      <UnitOfMeasurePrice>85.90</UnitOfMeasurePrice>
      <AllowDiscount>1</AllowDiscount>
      <ItemStatus>1</ItemStatus>
    </Item>
    <Item>
      <PriceUpdateDate>2025-01-30 13:49</PriceUpdateDate>
      <ItemCode>9420073800153</ItemCode>
      <ItemType>1</ItemType>
      <ItemName>האנס גרייל סוביניון בלאן 750 מ"ל</ItemName>
      <ManufacturerName>לא ידוע</ManufacturerName>
      <ManufactureCountry>לא ידוע</ManufactureCountry>
      <ManufacturerItemDescription>האנס גרייל סוביניון </ManufacturerItemDescription>
      <UnitQty>Unknown</UnitQty>
      <Quantity>0.00</Quantity>
      <bIsWeighted>0</bIsWeighted>
      <UnitOfMeasure>Unknown</UnitOfMeasure>
      <QtyInPackage>1</QtyInPackage>
      <ItemPrice>94.90</ItemPrice>
      <UnitOfMeasurePrice>94.90</UnitOfMeasurePrice>
      <AllowDiscount>1</AllowDiscount>
      <ItemStatus>1</ItemStatus>
    </Item>
    <Item>
      <PriceUpdateDate>2024-01-22 16:52</PriceUpdateDate>
      <ItemCode>9421018071492</ItemCode>
      <ItemType>1</ItemType>
      <ItemName>יין מאד האוס סוביניון בלאן לבן יבש 750 מ</ItemName>
      <ManufacturerName>לא ידוע</ManufacturerName>
      <ManufactureCountry>ספרד</ManufactureCountry>
      <ManufacturerItemDescription>יין מאד האוס סוביניו</ManufacturerItemDescription>
      <UnitQty>מיליליטרים</UnitQty>
      <Quantity>750.00</Quantity>
      <bIsWeighted>0</bIsWeighted>
      <UnitOfMeasure>100 מ"ל</UnitOfMeasure>
      <QtyInPackage>1</QtyInPackage>
      <ItemPrice>69.90</ItemPrice>
      <UnitOfMeasurePrice>9.32</UnitOfMeasurePrice>
      <AllowDiscount>1</AllowDiscount>
      <ItemStatus>1</ItemStatus>
    </Item>
    <Item>
      <PriceUpdateDate>2025-02-21 23:00</PriceUpdateDate>
      <ItemCode>9422073860311</ItemCode>
      <ItemType>1</ItemType>
      <ItemName>יין טומטיט סוביניון בלאן 750 מ"ל</ItemName>
      <ManufacturerName>לא ידוע</ManufacturerName>
      <ManufactureCountry>ניו זילנד</ManufactureCountry>
      <ManufacturerItemDescription>יין טומטיט סוביניון </ManufacturerItemDescription>
      <UnitQty>מיליליטרים</UnitQty>
      <Quantity>750.00</Quantity>
      <bIsWeighted>0</bIsWeighted>
      <UnitOfMeasure>100 מ"ל</UnitOfMeasure>
      <QtyInPackage>1</QtyInPackage>
      <ItemPrice>91.90</ItemPrice>
      <UnitOfMeasurePrice>12.25</UnitOfMeasurePrice>
      <AllowDiscount>1</AllowDiscount>
      <ItemStatus>1</ItemStatus>
    </Item>
    <Item>
      <PriceUpdateDate>2025-12-28 12:37</PriceUpdateDate>
      <ItemCode>9441017</ItemCode>
      <ItemType>1</ItemType>
      <ItemName>עגבניות שרי</ItemName>
      <ManufacturerName>לא ידוע</ManufacturerName>
      <ManufactureCountry>לא ידוע</ManufactureCountry>
      <ManufacturerItemDescription>עגבניות שרי         </ManufacturerItemDescription>
      <UnitQty>קילוגרמים</UnitQty>
      <Quantity>0.00</Quantity>
      <bIsWeighted>1</bIsWeighted>
      <UnitOfMeasure>ק"ג</UnitOfMeasure>
      <QtyInPackage>0</QtyInPackage>
      <ItemPrice>34.90</ItemPrice>
      <UnitOfMeasurePrice>34.90</UnitOfMeasurePrice>
      <AllowDiscount>1</AllowDiscount>
      <ItemStatus>1</ItemStatus>
    </Item>
    <Item>
      <PriceUpdateDate>2025-06-06 05:57</PriceUpdateDate>
      <ItemCode>9800800056</ItemCode>
      <ItemType>1</ItemType>
      <ItemName>נוטלה &amp; גו 52 גרם</ItemName>
      <ManufacturerName>לא ידוע</ManufacturerName>
      <ManufactureCountry>לא ידוע</ManufactureCountry>
      <ManufacturerItemDescription>נוטלה &amp; גו 52 גרם   </ManufacturerItemDescription>
      <UnitQty>גרמים</UnitQty>
      <Quantity>52.00</Quantity>
      <bIsWeighted>0</bIsWeighted>
      <UnitOfMeasure>100 גרם</UnitOfMeasure>
      <QtyInPackage>1</QtyInPackage>
      <ItemPrice>8.90</ItemPrice>
      <UnitOfMeasurePrice>17.12</UnitOfMeasurePrice>
      <AllowDiscount>1</AllowDiscount>
      <ItemStatus>1</ItemStatus>
    </Item>
    <Item>
      <PriceUpdateDate>2025-07-10 11:26</PriceUpdateDate>
      <ItemCode>9871184221363</ItemCode>
      <ItemType>1</ItemType>
      <ItemName>גאודה הולנדית עגבניות זיתים ובזיליקום</ItemName>
      <ManufacturerName>לא ידוע</ManufacturerName>
      <ManufactureCountry>לא ידוע</ManufactureCountry>
      <ManufacturerItemDescription>גאודה הולנדית בתיבול</ManufacturerItemDescription>
      <UnitQty>Unknown</UnitQty>
      <Quantity>0.00</Quantity>
      <bIsWeighted>1</bIsWeighted>
      <UnitOfMeasure>ק"ג</UnitOfMeasure>
      <QtyInPackage>0</QtyInPackage>
      <ItemPrice>159.00</ItemPrice>
      <UnitOfMeasurePrice>159.00</UnitOfMeasurePrice>
      <AllowDiscount>1</AllowDiscount>
      <ItemStatus>1</ItemStatus>
    </Item>
    <Item>
      <PriceUpdateDate>2025-07-10 11:35</PriceUpdateDate>
      <ItemCode>9871184221365</ItemCode>
      <ItemType>1</ItemType>
      <ItemName>גאודה הולנדית עם רוטב חריף סמבל במשקל</ItemName>
      <ManufacturerName>לא ידוע</ManufacturerName>
      <ManufactureCountry>לא ידוע</ManufactureCountry>
      <ManufacturerItemDescription>גאודה הולנדית צילי  </ManufacturerItemDescription>
      <UnitQty>Unknown</UnitQty>
      <Quantity>0.00</Quantity>
      <bIsWeighted>1</bIsWeighted>
      <UnitOfMeasure>ק"ג</UnitOfMeasure>
      <QtyInPackage>0</QtyInPackage>
      <ItemPrice>149.00</ItemPrice>
      <UnitOfMeasurePrice>149.00</UnitOfMeasurePrice>
      <AllowDiscount>1</AllowDiscount>
      <ItemStatus>1</ItemStatus>
    </Item>
    <Item>
      <PriceUpdateDate>2025-07-10 11:38</PriceUpdateDate>
      <ItemCode>9871184221367</ItemCode>
      <ItemType>1</ItemType>
      <ItemName>גאודה עיזים הולנדית במשקל</ItemName>
      <ManufacturerName>לא ידוע</ManufacturerName>
      <ManufactureCountry>לא ידוע</ManufactureCountry>
      <ManufacturerItemDescription>גאודה עיזים הולנדית </ManufacturerItemDescription>
      <UnitQty>Unknown</UnitQty>
      <Quantity>0.00</Quantity>
      <bIsWeighted>1</bIsWeighted>
      <UnitOfMeasure>ק"ג</UnitOfMeasure>
      <QtyInPackage>0</QtyInPackage>
      <ItemPrice>149.00</ItemPrice>
      <UnitOfMeasurePrice>149.00</UnitOfMeasurePrice>
      <AllowDiscount>1</AllowDiscount>
      <ItemStatus>1</ItemStatus>
    </Item>
    <Item>
      <PriceUpdateDate>2025-12-28 12:37</PriceUpdateDate>
      <ItemCode>9913002</ItemCode>
      <ItemType>1</ItemType>
      <ItemName>פלפל אדום</ItemName>
      <ManufacturerName>לא ידוע</ManufacturerName>
      <ManufactureCountry>לא ידוע</ManufactureCountry>
      <ManufacturerItemDescription>פלפל אדום           </ManufacturerItemDescription>
      <UnitQty>קילוגרמים</UnitQty>
      <Quantity>0.00</Quantity>
      <bIsWeighted>1</bIsWeighted>
      <UnitOfMeasure>ק"ג</UnitOfMeasure>
      <QtyInPackage>0</QtyInPackage>
      <ItemPrice>15.90</ItemPrice>
      <UnitOfMeasurePrice>15.90</UnitOfMeasurePrice>
      <AllowDiscount>1</AllowDiscount>
      <ItemStatus>1</ItemStatus>
    </Item>
    <Item>
      <PriceUpdateDate>2025-12-28 12:37</PriceUpdateDate>
      <ItemCode>9913019</ItemCode>
      <ItemType>1</ItemType>
      <ItemName>בצל יבש</ItemName>
      <ManufacturerName>לא ידוע</ManufacturerName>
      <ManufactureCountry>לא ידוע</ManufactureCountry>
      <ManufacturerItemDescription>בצל יבש             </ManufacturerItemDescription>
      <UnitQty>קילוגרמים</UnitQty>
      <Quantity>0.00</Quantity>
      <bIsWeighted>1</bIsWeighted>
      <UnitOfMeasure>ק"ג</UnitOfMeasure>
      <QtyInPackage>0</QtyInPackage>
      <ItemPrice>5.90</ItemPrice>
      <UnitOfMeasurePrice>5.90</UnitOfMeasurePrice>
      <AllowDiscount>1</AllowDiscount>
      <ItemStatus>1</ItemStatus>
    </Item>
    <Item>
      <PriceUpdateDate>2024-06-03 09:50</PriceUpdateDate>
      <ItemCode>9913194</ItemCode>
      <ItemType>1</ItemType>
      <ItemName>ברוקולי</ItemName>
      <ManufacturerName>לא ידוע</ManufacturerName>
      <ManufactureCountry>לא ידוע</ManufactureCountry>
      <ManufacturerItemDescription>ברוקולי             </ManufacturerItemDescription>
      <UnitQty>יחידה</UnitQty>
      <Quantity>1.00</Quantity>
      <bIsWeighted>0</bIsWeighted>
      <UnitOfMeasure>יחידה</UnitOfMeasure>
      <QtyInPackage>1</QtyInPackage>
      <ItemPrice>14.90</ItemPrice>
      <UnitOfMeasurePrice>14.90</UnitOfMeasurePrice>
      <AllowDiscount>1</AllowDiscount>
      <ItemStatus>1</ItemStatus>
    </Item>
    <Item>
      <PriceUpdateDate>2021-10-18 10:48</PriceUpdateDate>
      <ItemCode>9913200</ItemCode>
      <ItemType>1</ItemType>
      <ItemName>קרמבולה</ItemName>
      <ManufacturerName>לא ידוע</ManufacturerName>
      <ManufactureCountry>לא ידוע</ManufactureCountry>
      <ManufacturerItemDescription>קרמבולה             </ManufacturerItemDescription>
      <UnitQty>קילוגרמים</UnitQty>
      <Quantity>0.00</Quantity>
      <bIsWeighted>1</bIsWeighted>
      <UnitOfMeasure>ק"ג</UnitOfMeasure>
      <QtyInPackage>0</QtyInPackage>
      <ItemPrice>49.90</ItemPrice>
      <UnitOfMeasurePrice>49.90</UnitOfMeasurePrice>
      <AllowDiscount>1</AllowDiscount>
      <ItemStatus>1</ItemStatus>
    </Item>
  </Items>
</root>